2050 3392
275 227 285 281 J

338 280 438 349 308
454 275 756 335 Dominica
782 270 1201 339 decimaquinta
1214 269 1349 339 post
1371 261 1744 318 Pentecosten.

346 415 609 462 neceSSAria
621 420 742 465 sunt,
756 424 880 469 quae
893 409 1056 455 cense-

346 478 427 535 qui
450 476 681 521 velumus.

410 537 483 581 Te
506 536 661 579 Deum
683 529 947 576 laudemus.
978 542 1046 585 17.

408 592 487 635 Ad
509 584 801 634 Benedietus,
821 585 940 627 Asia.
964 587 1060 633 No.

348 656 432 702 lite
449 652 635 700 solliciti
657 645 805 702 essej‘
825 648 1054 694 dicentes:

349 717 477 771 Quid
516 710 924 761 manducabimus
970 717 1056 753 aut

350 776 467 833 q'uid
481 772 720 818 bibemus?
732 771 819 817 scit
832 770 958 814 enim
970 769 1059 813 Pa-

350 843 422 880 ter
439 842 599 885 vester,
653 833 738 877 uid
754 830 886 877 vobis
898 828 1059 874 neces-

350 908 402 940 se
421 895 496 947 sit,
517 894 625 939 allel
661 893 721 941 'a.

412 947 491 993 Ad
508 944 707 1004 luagl‘llf.
726 944 846 988 Afia.
862 948 1060 1005 Quaeri-

352 1022 401 1061 te
415 1015 620 1073 primum
633 1004 660 1027 ὕ
676 1023 878 1068 regnum
894 1008 997 1060 Dei,
1012 1014 1060 1053 et

347 1074 583 1132 justitiam
592 1072 761 1129 ejuS‚et
771 1070 890 1115 haec
898 1068 1062 1113 emnia

353 1132 635 1192 adjicientur
654 1130 801 1184 vobis,
825 1126 1027 1174 alleluia.

416 1284 462 1329 D
477 1282 522 1331 O
539 1283 593 1328 M
613 1283 635 1327 Ι
651 1282 700 1327 N
720 1282 741 1326 Ι
760 1282 801 1328 C
816 1281 862 1327 A
892 1280 1001 1328 XV.

480 1344 586 1394 post
614 1336 937 1380 Pentecosten.

621 1411 800 1457 Oratio.

507 1494 846 1542 CCLESIAM
914 1499 1062 1545 tuam,

537 1556 659 1608 Dfie,
687 1554 929 1600 miseratio
957 1567 1071 1598 con-

358 1614 541 1663 tinuata
561 1616 761 1660 mundet
786 1622 834 1660 et
855 1612 1040 1659 mt'miat
1059 1627 1070 1658 z

359 1684 407 1722 et
433 1677 545 1735 quia
577 1676 677 1721 sine
711 1684 758 1722 te
785 1688 884 1721 non
912 1681 1071 1734 potest

360 1738 492 1782 salva
502 1737 771 1788 consistere,
789 1744 872 1782 tuo
887 1748 1073 1792 semper

361 1796 554 1843 miinere
592 1796 896 1855 gubernetur.
984 1795 1074 1839 Per

363 1857 640 1902 Deminum.

365 1932 532 1978 Lee'lio
558 1932 710 1977 saneti
734 1932 982 1989 Evangelii
1004 1945 1076 1977 se-

501 1991 711 2039 eundum
736 1993 936 2038 Lucam.

422 2062 589 2107 Leetio
610 2062 683 2107 vii.
739 2069 851 2129 Cap.
877 2069 953 2115 vii.
979 2067 1020 2114 b.

474 2144 522 2190 N
559 2146 640 2191 illo
677 2144 922 2204 tempore:
968 2145 1075 2190 Ibat

495 2206 638 2269 Jesus
701 2207 751 2252 in
815 2206 1069 2257 civitatem,

366 2279 492 2324 quae
501 2266 694 2312 vocatur
703 2267 868 2312 Naim:
885 2272 932 2310 et
942 2265 1075 2308 ibant

368 2340 478 2371 cum
492 2340 550 2371 eo
565 2327 781 2384 discipuli
796 2327 909 2383 ejus,
919 2332 965 2368 et
981 2331 1078 2368 tur-

368 2387 433 2431 ba
452 2386 661 2444 copiesa.
719 2387 780 2431 Et
802 2385 996 2441 reliqua.

388 2445 605 2490 Homilia
625 2445 775 2491 saneti
797 2442 1057 2502 Augustini

607 2504 849 2564 Episcopi.

369 2565 525 2611 Serm.
556 2564 663 2610 xliv.
690 2565 748 2608 de
781 2563 941 2608 Verbis
965 2561 1075 2607 Dm'

537 2626 668 2669 circa
690 2625 910 2668 initium.

406 2692 411 2693 ⁷
452 2688 595 2748 pjjssj
607 2685 651 2729 E
682 2683 854 2742 juvene
887 2683 970 2727 illo
1009 2695 1081 2726 re-

399 2773 402 2776 -
469 2742 530 2801 {⁵11
597 2753 598 2782 ἑ
636 2743 865 2789 suscitato
914 2741 1082 2799 gavisa

395 2808 522 2876 ¹5³4
586 2817 598 2854 A}
637 2811 707 2848 est
730 2811 884 2848 mater
904 2800 1081 2845 vidua:

387 2863 598 2899 ι-ιεῴμ--Ᾰ
638 2864 699 2908 de
723 2861 997 2908 hominibus
1033 2860 1081 2903 in

400 2919 545 2977 pIritu
583 2923 799 2978 quotidie
842 2919 1082 2968 suscitetis

1121 404 1299 462 gaudet
1370 408 1524 446 mater
1595 396 1830 443 Ecclesia.

1126 465 1209 509 Ille
1241 462 1435 521 quidem
1470 458 1691 505 mertuus
1731 466 1835 503 erat

1121 525 1321 581 cerpore
1340 535 1350 566 :
1374 521 1439 565 illi
1461 527 1623 565 autem
1652 525 1833 564 mente.

1126 585 1256 629 Illius
1288 594 1416 627 mors
1452 579 1647 624 visibilis
1674 578 1839 623 visibi-

1124 645 1228 689 liter
1260 640 1608 701 plangebetur:
1643 639 1839 684 illerum

1123 717 1251 749 mors
1289 700 1532 747 invisibilis
1568 712 1658 743 nec
1688 712 1840 756 quae-

1123 764 1330 814 rebatur,
1398 774 1487 805 nec
1559 757 1834 804 videbatur.

1124 822 1370 881 Quaesivit
1405 820 1496 872 ine,
1524 819 1607 877 qui
1640 818 1840 863 neverat

1125 884 1355 930 mertuos,
1423 880 1507 924 Ille
1538 879 1670 924 solus
1694 878 1843 924 neve-

1126 952 1196 989 rat
1240 942 1469 994 mertuos,
1515 939 1598 997 qui
1646 938 1842 996 peterat

1126 1004 1280 1049 secere
1295 1003 1442 1047 vivos,
1508 998 1616 1044 Nisi
1631 999 1760 1043 enirn
1775 998 1845 1043 ad

1129 1064 1342 1109 mertuos
1363 1059 1665 1107 suscitandos
1686 1058 1845 1103 venis-

1129 1131 1212 1176 set,
1234 1121 1495 1180 Apestolus
1512 1132 1610 1163 non
1625 1117 1806 1163 diceret
1830 1129 1843 1162 ε

1130 1183 1282 1239 Surge
1302 1181 1385 1239 qui
1405 1179 1599 1229 dormis,
1631 1185 1682 1223 et
1706 1176 1844 1222 exur-

1130 1257 1191 1301 ge
1211 1256 1241 1287 a
1253 1239 1468 1292 mertuiS,
1488 1245 1536 1285 et
1553 1236 1844 1285 illuminabit

1132 1311 1181 1349 te
1201 1301 1436 1349 Christus,

1339 1385 1504 1432 Lecstio
1534 1387 1623 1431 viii.

1263 1479 1390 1527 RES
1421 1486 1586 1526 autem
1625 1476 1843 1525 mertuos

1281 1540 1554 1586 invenimus
1574 1553 1606 1584 a
1627 1539 1846 1585 Demino

1137 1601 1443 1647 resuscitatos
1468 1598 1723 1653 visibiliter,
1743 1599 1847 1643 mil-

1137 1663 1200 1708 lia
1220 1661 1526 1708 invisibiliter.
1599 1659 1734 1716 Quot
1763 1673 1846 1705 au-

1138 1732 1234 1768 tem
1251 1722 1468 1768 mertuos
1488 1720 1735 1765 visibiliter
1749 1733 1851 1765 sus-

1139 1783 1364 1835 citaverit,
1391 1782 1498 1840 quis
1524 1781 1655 1824 novit
1675 1780 1697 1824 ?
1736 1779 1851 1824 Non

1139 1844 1264 1889 enim
1318 1841 1493 1893 emnia,
1541 1853 1666 1897 quae
1721 1839 1844 1890 fecit,

1139 1904 1315 1960 scripta
1336 1909 1461 1947 sunt.
1504 1900 1740 2005 ἒςῐοέιιιῐιεε
1760 1899 1853 1942 hoc

1140 1963 1290 2008 dixit:
1315 1961 1474 2006 Multa
1535 1961 1599 2005 lia
1632 1959 1746 2004 fecit
1772 1958 1854 2020 Je-

1142 2036 1221 2068 sus
1243 2037 1253 2067 :
1272 2035 1396 2079 quae
1417 2022 1455 2066 si
1476 2021 1655 2076 scripta
1675 2024 1846 2068 essent.

1141 2082 1344 2128 arbitror
1401 2088 1555 2127 totum
1616 2079 1853 2123 mundum

1142 2156 1239 2188 non
1280 2156 1423 2201 posse
1469 2141 1615 2185 libros
1664 2138 1847 2196 cepere.

1144 2202 1287 2248 Multi
1325 2215 1439 2259 ergo
1480 2207 1590 2244 sunt
1631 2197 1713 2243 Alii
1755 2198 1855 2242 sine

1143 2262 1292 2308 dubio
1343 2259 1569 2310 suscitati,
1618 2258 1706 2301 sed
1758 2269 1855 2301 non

1145 2331 1239 2367 tres
1269 2322 1443 2365 frustra
1470 2316 1851 2363 commemorati.

1146 2382 1380 2427 Deminus
1423 2380 1548 2424 enim
1593 2384 1759 2421 noster
1778 2375 1860 2438 Je-

1146 2455 1227 2486 sus
1264 2441 1495 2490 Christus,
1533 2450 1591 2482 ea
1626 2450 1754 2494 quae
1790 2435 1858 2479 sa-

1145 2501 1300 2545 ciebat
1343 2496 1664 2555 corporaliter,
1713 2496 1859 2541 etiam

1146 2558 1416 2618 spiritaliter
1470 2556 1663 2601 volebat
1723 2553 1860 2599 intel-

1146 2620 1242 2677 ligi.
1288 2618 1460 2674 Neque
1499 2616 1628 2661 enim
1668 2622 1861 2660 tantum

1147 2678 1374 2724 miracula
1403 2683 1602 2735 propter
1627 2673 1863 2719 miracula

1147 2737 1349 2784 faciebat
1373 2750 1383 2781 :
1421 2736 1505 2781 sed
1542 2741 1596 2779 ut
1625 2733 1708 2778 illa
1735 2746 1864 2789 quae

1148 2797 1363 2848 faciebat,
1383 2795 1504 2840 mira
1518 2800 1676 2838 essent
1700 2792 1867 2837 viden·

1148 2858 1287 2910 tibuS‚
1303 2869 1412 2902 vera
1425 2860 1580 2900 essent
1596 2850 1867 2910 intelligen-

1148 2917 1292 2966 tibus.
