2050 3392
352 247 388 301 4
394 246 460 304 54
494 233 606 288 Die
627 249 665 287 2
692 235 825 303 022„
850 234 900 287 S
900 234 961 289 S.
988 231 1339 304 Angelorum
1370 230 1690 287 Custodum.

412 374 485 430 Εἴ.
518 370 573 415 In
622 384 739 416 cons
934 369 1063 416 Gen-

354 430 473 476 tium
526 431 673 476 nolite
719 430 921 482 timere:
975 444 1062 475 vos

352 491 481 536 enim
531 491 580 535 in
621 489 844 536 cerdibus
893 491 1062 535 vestris

354 549 553 595 adorate
574 558 620 595 et
634 549 795 594 timete
812 549 975 594 Dfium
999 562 1009 593 :
1032 551 1061 575 ὕ

354 610 569 668 Angelus
606 609 733 654 enim
765 609 867 665 ejus
908 608 1063 654 vobis·

354 682 464 713 cum
486 676 572 713 est.
609 668 668 729 ΧΤ.
688 668 827 713 Stetit
848 668 1062 726 Angelus

352 728 487 786 juxta
542 740 674 773 aram
731 728 910 786 templi.
979 728 1063 774 ha-

354 788 471 832 bens
484 787 779 832 thuribulum
792 787 991 833 Aureum
1012 790 1062 833 in

355 859 502 891 manu
526 847 919 905 sua-Angelus.
946 849 1064 894 Gle-

354 906 426 952 ria
449 906 588 954 Patri.
652 907 882 966 Angelus.

418 979 474 1026 In
497 982 706 1029 secundo
728 981 995 1029 Noeturnc).

415 1054 536 1100 Ana.
572 1051 697 1098 Cum
727 1066 878 1098 essem
907 1051 1064 1097 vobis-

355 1123 479 1163 cum,
522 1125 607 1170 per
642 1112 935 1158 voluntatem
973 1111 1063 1157 Dei

356 1183 485 1215 eram
509 1185 519 1216 :
542 1172 700 1229 ipsum
718 1171 994 1223 benedicite,
1018 1179 1066 1217 et

354 1229 547 1302 cantate
567 1230 626 1277 ei.
665 1234 891 1280 Psalmus.
931 1231 1065 1277 Coeli

356 1297 591 1335 enarrant.
612 1304 715 1348 433.

415 1350 534 1397 Asia.
573 1349 767 1395 Tollens
787 1364 839 1396 se
853 1350 1067 1408 Angelus

357 1406 566 1460 Demini,
622 1410 704 1468 qui
752 1411 1066 1469 praecedebat

356 1474 514 1514 castra
530 1468 686 1520 Israel,
705 1466 820 1514 abiit
837 1477 946 1527 post
962 1483 1060 1516 eos,

361 1530 590 1577 Psalmus.
606 1529 702 1574 Dm
716 1538 787 1575 est
801 1537 936 1575 terra.
958 1544 1060 1588 434.

417 1592 536 1637 Asia.
577 1589 805 1636 Immittet
855 1590 1067 1647 Angelus

361 1648 555 1696 Demini
588 1650 638 1695 in
668 1649 865 1698 circuitu
900 1649 1067 1695 timen-

359 1711 479 1756 tium
513 1724 636 1763 eum,
679 1720 725 1757 et
760 1710 925 1769 eripiet
961 1724 1060 1756 eos.

361 1771 533 1819 Psahn.
564 1770 851 1817 Benedicam
902 1771 1066 1816 Dfium

359 1828 408 1874 in
430 1830 559 1875 omni
581 1831 809 1888 tempore.
830 1841 931 1890 435.

419 1891 481 1950 ἵ.
506 1888 735 1935 Ascendit
772 1889 931 1935 sumus
963 1888 1069 1937 ard-

359 1954 543 1993 matum
575 1948 621 1992 in
653 1949 914 2007 conspeetu
951 1950 1064 1997 Dni.

357 2010 432 2069 Rp,
463 2006 537 2051 De
557 2021 704 2053 manu
723 2008 908 2066 Angeli.

419 2077 585 2123 Sermo
606 2078 758 2125 saneti
783 2080 1007 2127 Bernerdi

594 2138 812 2185 AbbatiS.

360 2197 421 2243 In
444 2198 709 2245 Psalmum.
742 2200 845 2258 Qui
861 2200 1064 2247 habitat.

588 2272 754 2324 Lee‘tio
778 2276 832 2322 iv.

369 2348 580 2405 ‘'m'‘”ff
601 2340 646 2385 N
663 2341 709 2387 G
728 2342 768 2386 E
784 2341 825 2387 L
841 2343 862 2386 Ι
878 2342 912 2387 S
972 2343 1070 2388 suis

390 2447 392 2450 ,
464 2397 509 2436 ῐέ
577 2402 580 2463 !
628 2401 870 2447 mandevit
907 2402 969 2447 de
1002 2411 1065 2448 te.

367 2546 578 2564 -n
625 2460 1072 2579 2223332‘13212}

358 2579 458 2624 c'tio
470 2578 726 2626 charitetis.
794 2580 914 2636 Quis
923 2580 1073 2626 enim?

359 2639 534 2696 quibus
546 2639 568 2683 Ρ
587 2639 755 2697 dequo
771 2639 794 2684 Ρ
812 2640 929 2699 quid
937 2653 1072 2685 man·

360 2696 490 2742 davit
507 2697 530 2742 Ρ
547 2698 760 2745 studiese
800 2699 1071 2746 considere-

359 2768 481 2806 mus.
490 2756 666 2809 sratres.
682 2759 1070 2818 diligentercom-

359 2813 641 2861 mendemus
683 2818 942 2864 memeriae
976 2819 1069 2865 hoc

358 2878 459 2915 tam
520 2874 702 2929 grande
765 2877 1060 2925 mandatum.

1125 370 1245 425 Quis
1260 369 1388 414 enim
1396 368 1644 415 mandevit
1659 369 1681 414 Ρ
1700 369 1838 428 quus

1127 437 1235 475 sunt
1256 429 1427 487 Angeli
1442 430 1463 473 ?
1481 429 1617 487 cujus
1640 429 1839 475 mande.-

1126 491 1185 534 tis
1202 489 1564 546 obtemperant?
1577 490 1714 548 quus
1728 489 1841 534 obe·

1127 550 1263 594 diunt
1321 547 1554 594 voluntati
1585 549 1607 593 Ρ
1648 548 1839 606 Nempe

1126 609 1322 666 Angelis
1330 609 1426 653 suis
1439 607 1687 654 mandavit
1700 608 1763 653 de
1775 616 1836 659 te,

1127 676 1178 713 ut
1201 668 1473 714 custediant
1488 675 1535 712 te
1551 668 1599 713 in
1616 667 1842 714 &mnibus

1127 728 1212 773 viis
1244 728 1351 773 tuis.
1400 727 1505 772 Nec
1533 727 1836 778 cunetentur.

1126 788 1242 845 quin
1263 786 1407 833 etiam
1429 786 1477 831 in
1499 787 1724 832 menibus
1755 787 1844 832 tol·

1127 848 1227 893 lant
1254 854 1316 893 te.
1362 847 1564 892 Summa
1590 860 1709 905 ergo
1737 847 1845 892 Ma-

1125 907 1272 963 iestas
1320 906 1569 952 mandavit
1623 907 1838 964 Angelis.

1128 974 1177 1011 et
1205 966 1403 1024 Angelis
1439 967 1539 1011 suis
1573 966 1839 1013 mandavit.

1132 1026 1230 1072 Illis
1245 1025 1412 1084 utique
1427 1026 1728 1077 sublimibus.
1744 1035 1846 1072 tam

1129 1085 1280 1131 baetis
1304 1099 1313 1139 ,·
1334 1099 1482 1144 quam
1502 1086 1734 1144 preximis
1757 1087 1848 1131 sibi

1130 1145 1507 1198 cohaerentibus,
1542 1152 1589 1191 et
1615 1159 1729 1191 vere
1760 1148 1849 1192 do-

1130 1206 1337 1252 mesticis
1386 1205 1633 1250 mandAVit
1676 1207 1740 1251 de
1779 1214 1844 1252 te.

1130 1267 1209 1311 Tu
1217 1266 1322 1324 quis
1335 1279 1386 1311 es
1401 1267 1423 1311 Ρ
1440 1266 1573 1321 Quid
1588 1273 1661 1310 est
1677 1265 1844 1319 homo,

1131 1326 1263 1384 quod
1275 1339 1461 1371 memor
1471 1339 1522 1371 es
1537 1325 1641 1383 eJus
1652 1326 1675 1370 Ρ
1693 1333 1780 1371 aut
1793 1326 1853 1371 ff-

1131 1386 1222 1431 lius
1234 1385 1453 1437 heminis,
1467 1385 1700 1443 queniam
1708 1386 1853 1444 repu-

1133 1453 1208 1491 tas
1239 1460 1349 1491 eum
1365 1446 1387 1490 Ρ
1414 1445 1566 1501 Quasi
1602 1458 1718 1490 vero
1748 1458 1853 1491 non

1131 1506 1189 1550 sit
1210 1505 1359 1552 homo
1388 1504 1606 1564 putredo,
1644 1513 1692 1550 et
1721 1505 1854 1551 silius

1132 1563 1337 1611 heminis
1357 1565 1541 1610 vermis.
1610 1565 1708 1610 Sed
1728 1567 1853 1624 quid

1133 1633 1273 1683 putas
1308 1625 1554 1670 mandevit
1590 1626 1653 1670 de
1690 1632 1739 1671 te
1755 1627 1779 1670 Ρ
1797 1634 1855 1671 ut

1132 1684 1402 1732 custddiant
1423 1693 1485 1732 te.

1257 1746 1407 1795 ,Vivit
1420 1747 1522 1803 ipse
1538 1744 1800 1798 Deminus.
1826 1751 1855 1776 ⁴*

1133 1806 1213 1861 Qu
1247 1807 1375 1851 niam
1389 1805 1644 1851 custodivit
1662 1806 1856 1851 meAn·

1133 1866 1268 1923 gelus
1288 1866 1403 1923 ejus.
1431 1873 1476 1910 et
1498 1865 1609 1911 hinc
1629 1864 1848 1917 euntem.

1134 1934 1181 1972 et
1201 1925 1265 1971 ibi
1287 1925 1681 1978 commonentem,
1709 1933 1757 1971 et
1780 1926 1856 1971 in-

1135 1986 1196 2030 de
1235 1986 1330 2030 huc
1370 1985 1698 2030 revertentem.
1784 1987 1849 2046 V·

1138 2046 1199 2091 Et
1219 2057 1317 2091 non
1342 2045 1553 2102 permisit
1578 2057 1658 2089 me
1680 2044 1856 2091 Demi-

1136 2118 1226 2150 nus
1238 2103 1459 2150 ancillam
1478 2117 1615 2149 suam
1633 2105 1857 2164 coinqui-

1135 2163 1595 2220 nAri.-Qu6niam.

1376 2258 1540 2308 Le‘stio
1560 2274 1602 2306 v.

1273 2339 1569 2386 UANTAM
1598 2340 1684 2386 tibi
1707 2341 1857 2387 debet

1313 2400 1405 2445 hoc
1445 2400 1643 2445 verbum
1679 2401 1857 2447 inferre

1136 2459 1457 2511 reverentiam,
1496 2459 1666 2505 afferre
1707 2461 1858 2506 devo-

1136 2519 1327 2571 stenem,
1355 2519 1568 2565 conferre
1587 2518 1820 2565 fiduciam
1844 2534 1856 2565 z

1135 2579 1442 2625 reverentiam
1459 2592 1548 2637 pro
1559 2579 1849 2637 praesentia,

1136 2638 1438 2685 devotienem
1458 2651 1547 2696 pro
1566 2639 1858 2684 benevolen-

1137 2699 1215 2751 tia,
1243 2697 1469 2744 fiduciam
1499 2711 1589 2756 pro
1609 2698 1851 2745 custedia.

1137 2758 1292 2804 Caute
1320 2757 1529 2809 ambula.
1556 2765 1610 2803 ut
1630 2757 1856 2804 videlieet

1136 2818 1212 2862 cui
1235 2818 1410 2863 adsunt
1430 2817 1618 2876 Angeli.
1645 2818 1771 2863 sicut
1786 2819 1857 2863 eis

1137 2877 1418 2924 mandatum
1439 2885 1510 2923 est
1530 2891 1542 2931 ς
1559 2877 1609 2922 in
1624 2877 1857 2924 &mnibus

1918 264 1925 301 l

1918 310 1927 345 Ι
