2050 3392
381 393 494 451 ejus,
518 387 747 437 -Mulien
807 387 975 434 Gloria
1000 385 1090 431 Pa-

387 459 454 503 tri.
520 452 704 498 Mulier.

437 514 492 559 In
511 513 647 557 tertio
681 508 944 556 Nooturno,
981 507 1088 550 Ho-

375 574 506 620 milia
536 573 702 618 S.·Gre
739 569 823 614 orii
856 568 1014 624 Papae
1037 567 1087 611 iu

378 634 559 690 Evang.
594 630 710 677 Simi
732 642 758 673 e
789 634 859 673 est
889 637 1091 685 regnum

384 692 639 741 coelorum
664 687 900 741 thesauro,
938 693 990 729 ut
1037 685 1086 727 in

377 751 633 798 Communi
661 761 759 793 non
780 746 911 802 Virg.
938 744 1088 791 cxxvi.

437 811 674 866 Vesperae
688 809 746 859 de
761 806 971 863 sequenti
987 805 1090 848 sine

380 872 645 916 Commem.
673 869 719 913 S.
747 866 1005 921 Hedwigis,

392 1033 512 1080 DIE
530 1031 716 1079 XVIII.
745 1024 1092 1078 OCTOBRIS.

387 1109 442 1155 Iu
468 1108 586 1153 festo
608 1108 654 1151 S.
681 1107 855 1154 Lucae,
877 1104 1095 1159 Evange-

533 1169 682 1212 listae.
737 1164 941 1221 Duplex.

445 1244 690 1289 Omniade
701 1240 956 1286 Communi
967 1240 1099 1296 Apo-

385 1305 631 1349 stolorum.
656 1304 890 1359 ii.praeter
905 1313 961 1344 ea
974 1312 1099 1357 quae

387 1371 665 1423 sequuntur.

649 1437 831 1487 Oratio.

508 1516 602 1562 NT
605 1512 835 1562 ERVEN
842 1512 956 1559 IAT

535 1577 686 1628 nobis,
710 1585 998 1634 quaesumus
1015 1571 1115 1617 Do-

403 1635 543 1689 mine,
581 1635 779 1682 sano’tus
809 1643 918 1681 tuus
957 1632 1115 1678 Lucas

405 1699 740 1757 Evangelista:
814 1694 895 1754 qui
964 1692 1117 1738 crucis

404 1757 817 1805 mortificationem
857 1753 1031 1812 jugiter
1070 1752 1117 1796 in

405 1832 495 1864 suo
527 1818 738 1875 corpore,
766 1829 854 1874 pro
877 1814 945 1859 tui
967 1812 1119 1860 nomi-

402 1878 477 1923 nis
527 1876 708 1922 honore
756 1873 974 1934 portdvit.
1034 1873 1121 1918 Per

408 1936 684 1983 Dominum.

459 1991 1114 2052 InprimoNooturnolegun-

396 2064 475 2101 tur
537 2054 789 2099 Leotiones
852 2051 1114 2097 Ezechielis

402 2114 875 2172 Prophetae.positae
897 2114 945 2156 in
969 2112 1115 2156 Com-

400 2176 532 2222 muni
556 2174 981 2231 Evangelistarum.
1007 2170 1116 2216 xxii.

463 2251 519 2298 In
541 2252 754 2296 secundo
777 2248 1049 2294 Nooturno.

417 2330 489 2376 Ex
510 2329 630 2375 libro
652 2324 804 2373 saneti
840 2321 1122 2382 Hieronymi

478 2389 737 2446 Presbyteri
779 2387 839 2431 de
877 2384 1125 2442 Scriptori-

475 2452 565 2494 bus
588 2445 943 2493 Ecclesidsticis.

639 2520 805 2569 Ledtio
829 2521 886 2562 iv,

663 2596 1129 2707 ᾞΞεωῖἕὲωὲῗ

1022 1523 1113 1570 pro

556 2737 578 2749 ⁴
687 2720 785 2776 ejus
817 2717 988 2776 scripta
1010 2716 1132 2761 indi·-

428 2805 592 2824 ι-,--,
639 2776 649 2824 ,¹²
687 2790 807 2826 cant.
839 2777 1007 2823 Graeci
1038 2787 1132 2821 serr

422 2840 576 2880 monis
635 2852 729 2880 non
785 2835 1131 2894 ignAms,''fi1it

420 2894 629 2943 sedtutor
661 2896 878 2953 Apostoli
901 2895 1059 2948 Pauli,
1085 2903 1132 2940 et

380 250 485 327 [478
554 259 663 312 Die
690 255 760 309 18
785 245 916 321 0551,
942 254 999 305 S.
1033 251 1235 313 Lucae,
1261 247 1317 300 E
1320 243 1681 315 vangelistae.

1155 382 1315 489 εεεὲῑ
1341 370 1882 498 pessuium&

1157 504 1285 554 lium.
1313 502 1375 547 de
1393 512 1493 558 quo
1512 499 1644 543 idem
1663 496 1851 541 Paulus
1870 507 1880 537 ε

1160 562 1406 612 Misimus,-
1430 559 1595 615 inquit‚
1639 569 1756 602 cum
1800 554 1882 599 illo

1158 622 1361 671 fratrem,
1398 619 1533 676 cujus
1564 618 1669 662 laus
1712 622 1791 660 est
1833 614 1882 658 in

1160 680 1419 738 Evangelio
1431 691 1515 736 per
1526 689 1697 722 omnes
1714 673 1883 720 Eccle-

1160 742 1266 787 siaS.
1324 740 1387 785 Et
1426 739 1489 783 ad
1529 735 1881 783 Colossenses:

1161 800 1346 847 Salutat
1366 811 1453 843 vos
1476 798 1635 842 Lucas
1657 794 1881 839 modicus

1162 859 1446 905 carissimus
1501 857 1563 901 Et
1603 856 1671 900 ad
1712 852 1883 899 Timo-·

1164 921 1357 966 theum:
1390 918 1549 963 Lucas
1579 923 1652 961 est
1685 925 1881 959 mecum

1164 980 1306 1025 solus.
1371 978 1515 1023 Aliud
1546 987 1746 1033 quoque
1784 973 1884 1019 odi«

1165 1040 1235 1085 dit
1244 1038 1463 1084 volumen
1472 1034 1732 1094 egregium,
1748 1031 1884 1091 quod

1165 1100 1320 1150 titulo,
1357 1097 1482 1143 Aota
1513 1094 1877 1154 Apostolorum.

1168 1157 1503 1219 praenotetur:
1526 1155 1664 1213 cujus
1685 1152 1885 1199 historia

1168 1233 1321 1277 usque
1342 1219 1404 1263 ad
1428 1216 1671 1262 biennium
1699 1213 1885 1257 Romae

1170 1276 1508 1325 commoruntis
1546 1274 1681 1319 Pauli
1725 1271 1887 1329 porve·

1171 1339 1254 1390 nit,
1282 1339 1331 1383 id
1362 1344 1444 1388 est,
1470 1347 1624 1392 usque
1644 1334 1712 1378 ad
1749 1347 1884 1392 quar-

1173 1408 1274 1444 tum
1318 1396 1523 1442 Neronis
1562 1407 1762 1440 annum.
1814 1393 1883 1437 Ex

1174 1472 1271 1517 quo
1293 1455 1613 1513 intelligimus,
1641 1454 1693 1497 in
1715 1452 1884 1497 eodem·

1174 1518 1292 1564 urbe
1300 1517 1470 1562 librum
1478 1526 1583 1560 esse
1591 1511 1877 1570 compositu.

1229 1576 1300 1625 1³7.
1335 1576 1447 1621 Vidi
1463 1572 1749 1632 conjunotos
1763 1572 1883 1615 viros

1178 1636 1407 1682 habentes
1422 1633 1700 1694 splendidas
1717 1638 1877 1679 vaetae.

1179 1706 1226 1744 et
1246 1696 1461 1755 Angelus
1481 1692 1677 1740 Domini
1702 1689 1882 1738 locutus

1180 1765 1249 1803 est
1279 1758 1343 1802 ad
1374 1769 1465 1806 me.
1501 1754 1700 1798 dicens:
1726 1753 1750 1773 “
1801 1750 1883 1796 Isti
1927 1744 1931 1793 ἶ

1182 1825 1292 1862 sunt
1321 1815 1404 1860 viri
1435 1813 1586 1859 sanoti
1610 1811 1725 1858 faoti
1748 1810 1881 1857 amici
1927 1813 1930 1853 :

1184 1877 1289 1922 Dei.
1346 1872 1407 1931 ΧΤ.
1481 1873 1594 1918 Vidi
1650 1871 1882 1930 Angelum
1925 1882 1931 1918 ε

1185 1937 1274 1982 Dei
1306 1935 1490 1985 fortem,
1529 1931 1770 1978 volentem
1805 1942 1884 1989 per
1926 1936 1930 1952 ·

1183 1997 1394 2043 modium
1425 1993 1625 2043 coelum,
1654 2005 1772 2037 voce
1791 2003 1883 2035 ma·

1184 2070 1282 2115 gna
1310 2053 1609 2105 clamontem.
1651 2060 1699 2097 et
1734 2051 1883 2097 dioen-

1186 2115 1447 2164 tem.—Isti
1468 2121 1593 2159 sunt.

1411 2204 1578 2254 Leotio
1599 2219 1640 2250 v.

1294 2293 1511 2339 GITUR
1530 2290 1757 2351 periodos
1774 2290 1885 2335 Pau·

1323 2355 1413 2399 liet
1431 2353 1652 2404 Theclae,
1674 2359 1723 2396 et
1743 2359 1882 2396 totam
1927 2368 1930 2379 >

1189 2413 1413 2473 baptizati
1451 2411 1626 2458 Leonis
1665 2411 1879 2457 fabulam.
1926 2437 1930 2471 ‚

1191 2475 1314 2519 inter
1325 2471 1627 2532 apocryphas
1640 2468 1885 2528 scripturas
1927 2506 1929 2512 .

1192 2532 1539 2592 computomus.
1601 2529 1756 2585 Quale
1770 2528 1884 2574 enim

1192 2601 1275 2645 est,
1322 2601 1376 2638 ut
1416 2590 1688 2636 individuus
1738 2599 1884 2634 comes
1926 2604 1930 2622 ·

1194 2652 1425 2712 Apostoli,
1444 2652 1563 2696 inter
1574 2657 1783 2694 caeteras
1793 2648 1884 2705 ejus

1194 2727 1268 2758 res
1297 2713 1390 2758 hoc
1412 2711 1564 2756 solum
1585 2706 1887 2767 ignor-ovem?

1195 2773 1280 2818 sed
1302 2768 1690 2824 etTertulliAnus
1717 2767 1884 2812 vicinus

1195 2830 1377 2878 eorum·
1407 2830 1696 2887 temporum.
1740 2825 1878 2876 refert.

1199 2890 1528 2948 Presbyterum
1548 2886 1808 2946 quemdam
1836 2885 1880 2930 iu
