2050 3392
301 233 419 291 Die
442 248 515 303 23
542 229 790 298 Nov.‚·S.
814 217 1128 282 Clementis,
1146 212 1340 278 Papae
1366 205 1441 256 M
1439 211 1545 258 art·
1598 204 1695 274 567

223 312 1691 345 f

204 373 370 418 cibum
387 366 591 413 alendae
606 362 810 409 familiae
830 360 925 404 dis-

205 431 407 490 pendat,
438 434 583 482 atque
612 424 730 468 haec
760 432 920 477 agens,

207 492 381 547 hisque
396 490 657 532 immorans
670 480 928 538 deprehen-

210 551 357 596 datur
384 561 395 592 ε
428 544 629 611 gloriam
658 555 701 613 a¹
717 538 928 584 Domino

211 597 930 720 ἷῗέἓῗῗῗίιὲῒξῗέῗέἒοὲοῗιὲἓί

214 728 404 787 quetur,
418 732 465 769 et
475 735 618 780 super
631 719 792 764 omnia
802 719 931 762 bona

215 784 547 834 constituetur,
574 781 624 825 id
654 786 738 830 est,
764 780 812 822 in
841 776 929 820 Dei

217 847 374 907 gloria
434 839 755 889 collocabitur,
820 835 933 892 quia

218 906 339 954 nihil
361 905 423 950 sit
442 902 579 951 ultra,
606 898 739 956 quod
767 895 933 941 melius

222 968 298 1012 sit.

282 1024 359 1082 R7.
390 1023 486 1068 Hic
507 1027 577 1065 est
606 1030 710 1062 vere
738 1022 929 1071 martyr,

224 1085 309 1144 qui
325 1096 414 1141 pro
427 1078 603 1127 Christi
619 1075 810 1122 nomine
830 1074 936 1127 san·

225 1145 423 1203 guinem
445 1152 585 1186 suum
616 1137 739 1181 fudit
758 1149 771 1179 ε
791 1136 818 1160 ⁴*
841 1132 933 1186 Qui

226 1205 388 1250 minas
399 1199 616 1258 judicum
636 1209 733 1240 non
749 1193 905 1238 timuit
928 1205 937 1242 ;

229 1277 320 1309 nec
343 1259 553 1307 terrenae
580 1253 822 1313 dignitatis
842 1249 940 1308 glo-

230 1325 355 1428 ssarn
376 1317 623 1378 quaesivit,
649 1314 737 1416 sec}5
753 1312 817 1416 atti
838 1323 943 1428 οἳ·

279 1396 304 1426 s
327 1394 373 1426 ia
410 1389 560 1435 regna
598 1386 708 1431 perv
740 1385 785 1416 m
811 1405 820 1415 .

227 1443 425 1505 justum
470 1434 662 1482 deduxit
710 1429 945 1476 Dominus

236 1515 322 1560 per
343 1500 443 1543 vias
472 1494 640 1544 redtaS,
665 1499 712 1536 et
740 1488 944 1534 ostendit

237 1561 304 1606 illi
317 1569 519 1615 regnum
535 1550 813 1604 Dei.—-Qui.
831 1545 948 1592 Glo-

239 1621 312 1666 ria
336 1615 477 1662 Patri.
504 1613 613 1667 Qui.

236 1699 330 1742 Pro
358 1694 406 1740 S.
428 1689 674 1737 Felicitate
705 1684 934 1742 Martyre.

314 1766 484 1811 Sermo
506 1758 655 1806 sancti
680 1755 893 1814 Gregorii

519 1821 690 1877 Papae.

247 1888 334 1931 Ex
354 1881 576 1929 Homilia
598 1879 659 1923 iii.
684 1878 735 1921 in
760 1875 949 1933 Evang.

483 1956 717 2006 Lecffioix.

348 2072 408 2094 Ν,
449 2025 705 2073 ‹EATA
797 2020 959 2067 Felici-

361 2091 387 2150 ἶ
519 2095 605 2137 tas,
644 2084 778 2140 cujus
818 2080 961 2127 hodie

265 2200 267 2207 Ι
520 2144 734 2190 natalitia
759 2140 962 2186 celebra-

265 2210 307 2254 ¹...
366 2207 402 2227 ἡ
423 2205 425 2208 ’
462 2219 473 2236 “-
516 2218 643 2255 mus,
686 2210 864 2258 septem
905 2199 961 2243 fi-

254 2270 347 2312 lios
368 2266 434 2309 sic
457 2274 567 2322 post
588 2277 637 2308 se
658 2261 812 2307 timuit
832 2260 963 2304 vivos

256 2328 306 2372 in
350 2338 490 2369 carne
526 2322 800 2378 relinquere,
844 2319 962 2364 sicut

256 2384 470 2432 carnales
482 2382 699 2441 pare'ntes
709 2380 859 2424 solent
871 2390 965 2421 me-

258 2444 405 2495 tuere.
433 2457 491 2488 ne
514 2441 727 2487 mortuos
747 2437 966 2496 praemit-

259 2513 379 2551 tant.
420 2503 473 2547 In
490 2499 827 2560 persecutionis
842 2497 965 2541 enim

259 2562 423 2610 labore
436 2560 743 2619 deprehensa,
768 2556 967 2601 filiorum

261 2624 411 2670 corda
451 2623 497 2666 in
540 2618 700 2665 amore
741 2616 970 2672 supernae

259 2682 446 2744 patriae
482 2677 803 2739 praedicando
833 2675 971 2719 robo-

261 2743 384 2791 ravit
408 2756 417 2794 ;
440 2749 487 2787 et
507 2736 755 2798 parturivit
785 2734 966 2793 spiritu,

261 2816 389 2862 quos
428 2813 570 2846 oerne
615 2795 872 2854 pepererat.
918 2801 971 2837 ut

263 2858 619 2923 praedicatione
647 2854 826 2914 pareret
849 2854 967 2903 Deo,

989 364 1111 410 quos
1133 359 1277 393 carne
1297 338 1546 402 pepererat
1567 348 1685 382 mun

988 416 1065 459 do.
1084 411 1127 456 N
1134 409 1334 464 nmquid
1344 417 1459 460 ergo
1468 401 1592 444 hanc
1605 395 1682 440 foe
1690 428 1703 434 -

992 475 1171 519 minam
1188 470 1451 526 Martyrem
1476 462 1703 508 dixerim?

994 535 1091 580 Sed
1109 534 1216 591 plus
1236 543 1380 588 quam
1404 527 1665 584 Martyrem
1689 537 1699 567 z

994 607 1117 652 quae
1139 599 1318 649 septem
1340 585 1618 646 pignoribus
1639 583 1702 628 ad

995 665 1192 710 regnum
1207 648 1491 708 praemissis,
1505 653 1575 690 tot
1591 651 1703 688 ante

996 726 1047 757 se
1063 710 1276 756 mortuos
1294 705 1567 752 transmisit.
1624 702 1702 747 Ad

996 782 1203 830 poenam
1240 769 1392 825 prima
1422 765 1547 810 venit
1570 776 1581 816 ;
1618 761 1703 806 sed

998 828 1207 889 pervenit
1229 826 1413 871 octava.

1057 889 1129 934 Te
1151 887 1309 932 Deum
1332 883 1599 929 laudamus.
1631 894 1698 936 17.

1155 1001 1161 1008 .
1194 971 1269 1006 AD
1301 968 1511 1004 LAUDES

1089 1036 1135 1071 et
1157 1038 1241 1083 per
1263 1022 1437 1070 Horas,
1466 1018 1613 1063 Asiae.

1066 1111 1103 1141 1.
1151 1092 1333 1140 Orante
1385 1087 1552 1134 sancto
1605 1085 1710 1130 cle-

1004 1156 1175 1206 mente,
1197 1155 1223 1178 ⁴⁶
1237 1149 1457 1209 apparuit
1479 1148 1520 1191 ei
1543 1146 1711 1202 Agnus

1005 1216 1109 1260 Dei.
1140 1215 1368 1261 Psalrnus.
1386 1206 1623 1253 Dominus
1643 1217 1713 1248 re-

1004 1273 1180 1333 gnavit.
1208 1288 1318 1320 cum
1338 1268 1540 1331 reliquis.
1568 1266 1636 1308 18.

1066 1348 1107 1378 2.
1137 1332 1251 1376 Non
1271 1329 1390 1374 meis
1410 1325 1589 1371 meritis
1607 1324 1632 1346 ‘²'
1649 1322 1712 1366 ad

923 1404 933 1415 ·
1009 1407 1092 1438 vos
1113 1405 1190 1436 me
1218 1389 1342 1434 misit
1373 1388 1524 1435 DnuS,
1550 1380 1716 1427 vestris

1008 1451 1197 1498 coronis
1217 1448 1495 1506 participem
1516 1442 1631 1486 fieri.

1071 1525 1111 1569 3.
1147 1509 1259 1554 Vidi
1290 1518 1432 1564 supra
1461 1510 1673 1546 montem
1692 1500 1719 1523 ἢ

1013 1573 1205 1627 Agnum
1228 1573 1427 1612 stantem
1451 1563 1511 1606 de
1532 1560 1621 1604 sub
1637 1571 1718 1601 cu-

1010 1633 1087 1688 jus
1102 1628 1225 1686 pede
1240 1625 1346 1670 fons
1359 1623 1490 1666 vivus
1509 1617 1712 1663 emanat.

1073 1703 1117 1746 4.
1163 1686 1238 1732 De
1284 1684 1375 1729 sub
1414 1680 1548 1737 cujus
1598 1675 1721 1734 pede

1018 1750 1124 1795 fons
1139 1747 1269 1790 vivus
1289 1742 1490 1791 emanat,
1513 1735 1720 1783 fluminis

1018 1810 1225 1914 iIanpetus
1246 1802 1466 1849 laetificat
1486 1796 1722 1844 civitatem

1068 1881 1125 1913 ei.

1079 1926 1308 1986 5.0mnes
1324 1928 1488 1980 gentes
1504 1919 1529 1942 ⁴*
1544 1929 1627 1974 per
1639 1927 1724 1972 gy-

1020 2001 1127 2032 rum
1178 1983 1475 2029 crediderunt
1534 1976 1725 2023 Christo

1024 2046 1250 2092 Domino.

1085 2104 1373 2164 Capitulum,
1417 2100 1643 2158 Hymnus
1682 2101 1729 2140 et

1033 2171 1093 2231 Υ.
1117 2169 1177 2211 de
1199 2160 1467 2210 Communi.
1488 2154 1673 2203 xxxviii.

1086 2227 1167 2274 Ad
1216 2223 1392 2272 Bened.
1436 2221 1558 2267 Aria.
1605 2213 1731 2257 Cum

1030 2286 1114 2329 iter
1143 2284 1208 2328 ad
1239 2293 1367 2325 mare
1393 2275 1610 2333 cepisset,
1647 2269 1734 2327 po-

1030 2344 1169 2402 pulus
1205 2354 1319 2385 voce
1349 2348 1527 2393 magna
1562 2328 1735 2375 clama-

1031 2405 1113 2447 bat
1135 2416 1145 2446 :
1169 2399 1374 2445 Domine
1389 2396 1508 2457 Jesu
1529 2390 1728 2437 Christe,

1033 2462 1161 2506 salva
1175 2460 1307 2502 illum
1324 2471 1332 2500 z
1343 2464 1388 2500 et
1399 2454 1617 2498 Clemens
1626 2460 1735 2491 cum

1033 2519 1251 2577 lacrymis
1288 2515 1502 2560 dicebat:
1541 2506 1738 2564 Suscipe

1039 2582 1176 2625 Pater
1196 2574 1411 2633 spiritum
1433 2581 1609 2615 meum.

1300 2649 1482 2698 Oratio.

1186 2723 1331 2774 EUS,
1357 2720 1437 2779 qui
1465 2730 1555 2763 nos
1581 2714 1744 2761 annua

1214 2782 1341 2830 beati
1352 2777 1606 2827 Clementis
1615 2774 1744 2821 Mar-

1041 2858 1154 2906 tyris
1202 2844 1269 2891 tui
1316 2850 1459 2898 atque
1500 2833 1741 2883 Pontificis
