2050 3392
262 481 269 483 t
314 479 351 498 q.
402 441 572 489 Lectio
592 442 655 489 iii.
690 480 727 484 .,

326 510 373 554 Τ
393 523 507 555 cum
528 510 643 557 haec
674 510 882 564 dixisset,

356 570 558 616 accessit
600 571 664 616 ad
709 570 889 618 collim-

192 637 308 679 nam,
343 643 467 687 quae
505 637 606 676 erat
641 631 706 675 ad
743 639 887 689 caput

188 688 333 734 letftuli
376 691 495 748 eJ‘us,
538 697 586 736 et
626 689 887 748 pugionem

191 747 888 867 Sjffiatqussffissiifflcuffmpffssg

189 867 886 987 {Efflfflmssffhffffiassfflffij

190 990 233 1028 et
258 985 348 1032 ait:
381 987 640 1033 Confirma
673 1002 750 1033 me
787 987 887 1034 Do-

189 1044 304 1089 mine
346 1046 478 1092 Deus
525 1049 577 1092 in
619 1047 709 1092 hac
749 1047 879 1093 hora.

191 1100 248 1147 Et
277 1105 502 1161 permissit
544 1107 622 1151 bis
658 1108 705 1151 in
742 1106 885 1151 cervi-

193 1174 284 1229 cem
303 1165 410 1223 ejus,
438 1174 486 1211 et
508 1164 717 1211 abscidit
742 1174 885 1223 caput

193 1232 292 1276 ejus,
316 1231 360 1269 et
385 1226 586 1272 abstulit
616 1224 884 1282 conopeum

194 1280 282 1337 ejus
304 1296 332 1327 a
356 1284 609 1335 coltimnis,
636 1291 684 1328 et
714 1284 885 1330 evolvit

194 1350 346 1398 corpus
378 1346 477 1402 ejus
517 1352 754 1389 truncum.
823 1345 884 1390 Et

193 1408 289 1453 post
306 1405 525 1459 pusillum
550 1402 706 1456 exivit,
727 1409 774 1449 et
795 1404 885 1449 tra-

195 1456 301 1504 didit
325 1470 464 1521 oeput
488 1463 772 1509 Holofernis
799 1478 883 1509 an-

197 1515 314 1563 cillae
359 1536 481 1575 suae,
545 1531 594 1568 et
641 1523 779 1581 jussit
829 1531 882 1569 ut

198 1576 378 1628 mitteret
398 1582 514 1628 illud
539 1582 591 1627 in
613 1596 779 1640 peram
807 1596 883 1629 su-

195 1646 264 1681 am
739 1643 748 1650 ,

245 1671 307 1765 ἐγ,
329 1700 590 1748 Benedicat
612 1709 676 1748 te.
704 1716 802 1762 193.

294 1842 488 1891 FERIA
520 1844 759 1891 SEXTA.

314 1919 384 1965 De
402 1922 528 1968 libto
543 1921 730 1986 Judith.

247 2002 397 2051 Lectio
418 2007 447 2053 i.
627 1999 725 2056 Cap
745 2012 814 2043 XV·

214 2080 249 2108 ψ’
288 2104 308 2116 .
406 2073 696 2129 UMQUE
726 2073 882 2119 omnis

285 2130 328 2166 ἱ
422 2134 657 2179 exercitus
679 2132 881 2178 decolla-

424 2201 532 2238 tum
569 2191 880 2238 Holofernem

200 2273 201 2278 =
259 2284 264 2285 κ
423 2251 656 2304 aud1sset,
762 2251 880 2309 fugit

192 2314 312 2351 mens
339 2317 385 2354 et
407 2310 660 2357 consilium
695 2312 759 2357 ab
796 2312 875 2363 eis,

192 2370 233 2407 et
273 2368 370 2413 solo
410 2370 617 2416 tremore
659 2377 706 2415 et
751 2379 881 2416 metu

192 2423 354 2479 ὃὲἱῑάῐί,
399 2429 543 2488 fugae
594 2429 879 2487 praesidium

177 2491 378 2540 -sumunt,
397 2489 464 2534 ita
480 2498 534 2535 ut
551 2489 708 2534 nullus
720 2489 881 2547 loque-

194 2539 303 2588 retur
344 2561 452 2593 cum
503 2548 724 2607 proximo
771 2563 873 2601 suo,

192 2603 266 2646 sed
279 2603 501 2653 inclinato
518 2607 687 2665 capite,
707 2608 880 2654 relictis

194 2656 408 2717 omnibus,
450 2666 651 2712 evadere
690 2667 876 2713 festina-

194 2716 296 2766 bant
318 2723 577 2778 Hebraeos,
586 2739 706 2783 quos
726 2727 880 2772 arma-

194 2781 260 2822 tos
284 2793 420 2840 super
447 2799 499 2830 se
531 2785 688 2830 venire
718 2785 878 2832 audie-

193 2833 311 2892 bant,
361 2842 594 2902 fugientes
643 2859 729 2903 per
778 2846 878 2891 vias

195 2900 454 2958 camporum
482 2911 529 2951 et
558 2904 750 2952 semitas
781 2905 875 2952 col-

392 269 564 340 Insra
587 257 763 326 Hebd.
789 256 1053 343 qua’rt'am
1080 256 1430 345 Septembris.

1545 275 1674 350 199³

955 412 1084 457 lium.
1141 411 1372 460 Videntes
1395 413 1555 488 itaque
1575 416 1658 461 filii

958 472 1102 517 Israel
1118 471 1366 531 fugientes.
1388 476 1534 519 secuti
1551 484 1659 520 sunt

955 531 1074 577 illos.
1202 533 1660 592 Descendenintque

954 591 1228 649 clangentes
1249 593 1388 645 tubis,
1412 600 1460 638 et
1482 594 1662 639 ululati-

953 658 1024 695 tes
1045 658 1155 709 post
1177 652 1315 709 ipsos.

1015 717 1088 774 R7,
1114 710 1220 756 Nos
1241 710 1400 759 alium.
1425 727 1525 771 194.

1191 792 1355 841 Lectio
1375 794 1422 843 ii.

1112 857 1182 903 IS
1198 860 1217 903 I
1234 859 1278 903 T
1322 859 1484 919 itaque
1516 860 1659 907 OzIas

1139 916 1333 964 ntintios
1435 934 1460 964 r
1489 934 1657 967 omnes

952 975 1166 1022 civitates
1187 985 1234 1022 et
1254 979 1351 1035 regi
1387 993 1471 1024 nes
1495 980 1654 1026 Israe'l.

953 1034 1123 1080 Omnis
1145 1035 1305 1093 itaque
1320 1037 1465 1095 regio,
1482 1040 1661 1086 omnis-

951 1107 1046 1151 que
1076 1095 1189 1139 urbs
1221 1095 1422 1141 electam
1444 1097 1670 1155 juventtis

951 1161 1048 1198 tem
1097 1154 1330 1200 armatam
1377 1157 1503 1202 misit
1551 1166 1660 1216 post

950 1226 1046 1265 eos,
1086 1220 1132 1258 et
1163 1214 1394 1272 persectiti
1431 1224 1539 1262 sunt
1576 1231 1661 1263 eos

949 1273 1275 1379 {25525522}
1294 1274 1660 1381 {Z‘zffiffiffiss

950 1392 1119 1437 finium
1140 1393 1346 1440 suorum.
1378 1395 1563 1451 Reliqui
1578 1409 1661 1440 au-

950 1459 1061 1505 tem,
1085 1453 1165 1510 qui
1188 1461 1321 1498 erant
1346 1453 1395 1498 in
1422 1453 1652 1507 Bethtilia.

951 1511 1146 1570 ingressi
1161 1519 1271 1557 sunt
1280 1520 1436 1558 eastra
1443 1513 1659 1572 Assyrio-

950 1585 1068 1625 rum,
1089 1579 1136 1616 et
1152 1574 1400 1629 praedam,
1422 1586 1568 1630 quam
1588 1573 1661 1618 fu-

948 1630 1134 1687 gientes
1155 1631 1332 1688 Assyrii
1352 1631 1654 1688 reliquerant,

949 1688 1259 1742 abstulerunt,
1268 1698 1315 1735 et
1328 1690 1537 1736 onustati
1550 1699 1672 1736 sunt‘

950 1749 1103 1795 valde.

1015 1807 1409 1862 RJ‚D0111inator.
1439 1818 1537 1868 194.

1181 1892 1347 1939 Lefflo
1369 1893 1428 1939 iii.

1134 1958 1222 2003 AC
1227 1957 1302 2002 HI
1308 1958 1360 2002 M
1370 1965 1529 2004 autem
1539 1973 1665 2005 sum.-

966 1955 1007 2119 Ξ·
1028 1965 1079 2120 ἐ
1123 2030 1229 2062 mus
1257 2017 1477 2063 Pontifex
1503 2019 1670 2088 de·Je-‚

1078 2089 1153 2120 em
1170 2076 1297 2122 venit
1318 2077 1368 2122 in
1390 2077 1659 2123 Betht'lham

949 2146 1059 2179 cum
1105 2136 1335 2181 universis
1376 2138 1660 2195 presbyteris

949 2194 1059 2246 suis,
1129 2202 1182 2240 ut
1244 2195 1422 2241 videret
1501 2197 1653 2243 udith.

948 2253 1087 2308 Quae
1108 2268 1217 2299 cum
1234 2254 1409 2300 exisset
1425 2269 1455 2300 a
1506 2256 1652 2307 illum,

949 2313 1291 2360 benedixerunt
1338 2329 1446 2360 eam
1490 2329 1677 2360 omnes-

947 2386 1044 2418 una
1060 2387 1177 2418 voce
1198 2373 1408 2419 dicentes
1426 2388 1437 2418 ε
1458 2374 1537 2418 Tu
1557 2374 1660 2431 glo-

946 2432 1016 2478 ria
1056 2431 1337 2495 Jen'isalem,
1385 2439 1438 2476 tu
1477 2432 1659 2478 laetitia

949 2492 1109 2544 Israe’l,
1130 2499 1183 2537 tu
1198 2490 1560 2536 honorificentia
1572 2490 1658 2548 ρό-

946 2552 1044 2608 puli
1061 2551 1209 2596 nostri
1225 2564 1235 2596 :
1254 2550 1367 2608 quia
1382 2548 1533 2594 fecisti
1549 2549 1657 2594 viri-

946 2611 1064 2662 liter,
1087 2618 1135 2655 et
1151 2608 1473 2667 confortatum
1489 2615 1561 2654 est
1575 2623 1659 2656 cor

946 2676 1095 2720 tuum,
1133 2684 1193 2714 eo
1226 2669 1357 2725 quod
1388 2668 1656 2715 castitatem

944 2727 1192 2781 amaveris,
1220 2736 1266 2773 et
1283 2734 1392 2786 post
1412 2727 1561 2773 virum
1584 2736 1658 2775 tu-

945 2801 1042 2839 um,
1064 2786 1267 2832 alterurn
1283 2785 1528 2833 nescieris:
1547 2788 1656 2834 ideo

946 2853 994 2892 et
1033 2860 1205 2892 manus
1240 2846 1336 2892 Dfii
1368 2847 1652 2894 confortavit

946 2913 1005 2959 te,
1043 2914 1092 2953 et
1126 2906 1238 2954 ideo
1272 2907 1364 2954 eris
1396 2908 1670 2955 benedicta

158 3012 1719 3047 Ἢ*
