2050 3392
356 456 486 500 milia
522 457 568 500 in
598 456 779 510 Evang.
817 456 1067 515 Loquente

352 522 480 620 lesu,
505 521 641 566 clxix,
662 515 719 558 ln
743 514 1066 572 Responsorio

382 575 560 634 eptimo
582 574 782 620 dicitur:
803 584 937 623 tuam
958 589 1068 622 san-

357 641 487 689 <stam
504 636 876 686 Solemnitatem.
897 633 1067 679 Lectio

355 709 485 740 nona
504 695 565 739 de
601 694 815 740 Homilia
848 695 1067 738 Domini-

355 769 438 799 cae
460 762 507 799 et
536 755 598 798 de
623 768 683 799 ea
713 754 766 799 fit
794 754 1058 800 Commem.

356 817 402 861 in
428 816 579 861 Laud.
609 823 657 862 et
679 815 724 862 ii.
750 815 986 873 Vesperis.

441 979 558 1025 DIE
583 979 618 1024 1.
640 973 989 1025 OCTOBRIS.

402 1050 458 1096 In
479 1051 602 1097 festo
622 1053 777 1097 sancti
800 1052 1018 1110 Remigii.

448 1113 674 1169 Episcopi
692 1120 739 1157 et
758 1112 971 1157 Confess.

357 1171 662 1227 Semiduplex
683 1172 749 1217 ad
768 1173 967 1223 libitum,
990 1172 1059 1215 vel

415 1231 625 1288 Simplex
644 1232 707 1274 de
727 1239 994 1288 praecepto.

416 1306 1071 1352 OmniadeCommuniCon-

358 1365 545 1410 sessoris
564 1366 816 1410 PontificiS.
838 1367 915 1414 lxi.
933 1379 1071 1424 prae-

358 1432 428 1469 ter
448 1439 506 1469 ea
524 1439 654 1482 quae
669 1432 942 1482 sequuntur.

417 1485 466 1529 Si
488 1485 658 1529 festum
681 1485 729 1530 S.
760 1485 960 1542 Remigii
992 1499 1071 1532 ce-

358 1543 562 1589 lebretur
591 1545 679 1589 sub
709 1545 802 1589 ritu
844 1545 1063 1602 simplici,

359 1618 447 1661 pro
468 1618 596 1650 nona
613 1604 842 1651 Lectione
863 1605 1064 1657 dicatur,

363 1666 611 1728 Remigius
633 1666 675 1715 E
711 1665 917 1727 {scopus
930 1672 983 1711 ut
999 1665 1071 1711 in-

358 1725 463 1779 fra;
494 1733 541 1771 et
572 1726 620 1770 in
686 1739 745 1771 ne
788 1728 862 1774 Te
894 1726 1065 1779 Deum,

357 1799 468 1830 cum
514 1784 978 1831 Commemoratione
1019 1786 1070 1832 in

358 1844 580 1902 Vesperis
601 1854 647 1893 et
670 1846 931 1893 Laudibus.

417 1906 539 1951 Ana.
569 1904 803 1951 Sacerdos
833 1914 880 1951 et
915 1904 1074 1952 Ponti-

360 1964 451 2017 fex,
510 1973 557 2011 et
606 1964 834 2012 virtutum
895 1965 1068 2025 opifex,

361 2031 529 2084 pastor
547 2025 674 2070 bone
696 2025 745 2070 in
767 2023 961 2083 populo,
990 2039 1077 2072 ora

361 2097 451 2143 pro
472 2084 612 2129 nobis
633 2084 910 2132 Dominum.

415 2139 480 2201 V.
498 2144 691 2189 Amavit
700 2157 809 2189 eum
820 2144 1068 2198 Dominus,

313 2243 320 2247 .
362 2209 409 2249 et
432 2202 615 2248 ornavit
635 2218 761 2249 eum.
784 2203 857 2260 R?-
889 2204 1073 2250 Stolam

361 2262 543 2324 gloriae
563 2263 718 2310 induit
738 2276 863 2309 eum.

627 2349 808 2393 Oratio.

514 2422 1080 2482 Aquaesumusomnipo-

544 2491 651 2529 tens
672 2483 803 2527 Deus
825 2496 836 2527 :
869 2490 923 2528 ut
948 2483 1075 2529 beati

413 2541 573 2601 emigii
595 2541 890 2589 Confessoris
914 2543 983 2589 tui
1005 2550 1076 2588 at·

364 2616 460 2661 que
512 2601 755 2648 Pontificis
802 2603 1075 2650 veneranda

364 2661 653 2713 solemnitas».
691 2669 739 2709 et
768 2662 1074 2709 devotionem

365 2720 506 2765 nobis
544 2720 734 2778 augeat,
768 2729 816 2768 et
850 2721 1067 2769 salutem.

371 2777 461 2823 Per
480 2778 756 2828 Dominum.

428 2838 481 2881 In
526 2837 724 2895 Hymno
765 2843 826 2888 ad
874 2844 1071 2891 ΜειῐιιιίἼ

364 2907 477 2937 num
499 2898 669 2943 dicitur
692 2915 701 2943 ι

322 3017 547 3026 0--——-

731 3026 854 3035 ⁷³—-

355 279 463 335 450
535 267 648 319 Die
671 280 703 318 J
734 263 867 331 08„
894 263 955 317 S.
981 259 1247 331 Remzjgii,
1273 258 1461 329 Episc.
1505 232 1668 328 Cous.

419 396 474 439 In
503 395 641 440 tertio
673 394 936 446 Noc’turno,
962 395 1065 439 Ho-
1133 395 1241 440 Hac
1277 394 1355 438 die
1388 393 1542 438 laetus
1578 391 1759 438 meruit
1778 405 1862 439 su-

1187 453 1378 514 premos

1250 513 1430 559 Laudis
1450 510 1679 558 honores.

1193 572 1444 617 Lectiones
1452 572 1592 626 primi
1608 570 1858 615 Nocturni

1131 634 1192 678 de
1212 632 1455 690 Scriptura
1475 639 1777 674 occurrente.

1193 717 1250 763 In
1269 717 1480 763 secundo
1505 714 1785 762 Nocturno.

1364 792 1531 838 Lec'tio
1551 792 1612 837 iv,

1141 876 1156 884 Γ
1186 869 1678 973 tfftEMIGIUS,
1733 869 1857 930 Epi·

1232 986 1299 999 ψ
1354 1032 1357 1041 ,
1396 929 1858 1036 zffffisffiz

1141 1071 1170 1093 μ
1219 1055 1239 1063 “
1335 1059 1345 1073 ⁴
1395 1050 1486 1095 veo
1504 1063 1619 1108 rege
1641 1050 1857 1096 Franco-

1130 1124 1250 1163 rum,
1258 1123 1402 1167 quem
1415 1111 1560 1156 etiam
1567 1110 1850 1168 baptizavit.

1131 1179 1179 1217 et
1199 1172 1380 1230 primus
1394 1170 1611 1216 omnium
1623 1169 1854 1215 doch-ina

1132 1239 1179 1277 et
1230 1230 1468 1276 mirficulis
1519 1229 1734 1274 Francos
1786 1230 1853 1274 ad

1134 1291 1308 1338 Christi
1331 1289 1527 1336 Domini
1558 1289 1706 1334 fidem
1742 1302 1854 1347 per-

1132 1350 1284 1396 duxit.
1341 1350 1459 1408 Ejus
1479 1349 1698 1395 oratione
1719 1349 1851 1394 mot-

1134 1419 1218 1456 tua
1237 1410 1398 1468 puella
1415 1409 1596 1454 revait.
1659 1409 1852 1454 Multos

1135 1470 1467 1528 interpretatus
1519 1476 1592 1514 est
1655 1469 1853 1513 divinae

1133 1528 1405 1588 Scripturae
1424 1529 1583 1574 libros.
1624 1529 1853 1586 Amplius

1133 1598 1303 1649 septua
1356 1596 1440 1634 nta
1473 1601 1628 1633 annos
1657 1601 1854 1633 summa

1133 1663 1243 1695 cum
1329 1649 1455 1694 aude
1525 1648 1852 1694 Rhemensem

1136 1710 1398 1755 Ecclesiam
1480 1709 1847 1754 administravit.

1135 1770 1288 1828 Cujus
1316 1769 1442 1814 vitae
1468 1776 1517 1813 et
1545 1769 1717 1814 mortis
1738 1781 1850 1815 san·

1133 1829 1348 1875 &itatem
1363 1828 1525 1881 multa,
1540 1840 1667 1886 quae
1679 1840 1853 1873 conse-

1134 1888 1246 1935 cuta
1259 1887 1617 1941 sunt‚miracula
1627 1900 1856 1947 compro-

1134 1949 1322 1995 barum.

1194 2007 1268 2066 RT.
1298 2006 1461 2053 Inveni
1478 2006 1636 2066 David
1658 2019 1852 2053 servum

1136 2081 1311 2120 meum,
1329 2067 1437 2113 oleo
1453 2066 1622 2112 sancto
1638 2080 1751 2113 meo
1763 2081 1856 2113 un-

1138 2129 1180 2173 xi
1203 2142 1314 2173 eum
1333 2124 1386 2173 t*
1401 2126 1578 2172 Manus
1591 2127 1724 2171 enim
1740 2139 1854 2173 mea

1135 2187 1436 2233 auxiliabitur
1492 2186 1551 2232 ei.
1598 2182 1662 2243 V.
1713 2186 1851 2231 Nihil

1138 2247 1352 2305 proficiet
1379 2245 1600 2291 inimicus
1627 2246 1677 2290 in
1700 2260 1775 2299 eo,
1802 2254 1852 2292 et

1137 2306 1264 2352 filius
1292 2305 1552 2364 iniquitatis
1585 2318 1687 2351 non
1708 2306 1856 2352 noce-

1136 2367 1205 2411 bit
1224 2366 1542 2413 ei.-Manus.

1136 2450 1303 2497 Sermo
1317 2450 1364 2495 S.
1381 2448 1580 2495 Maximi
1596 2448 1849 2510 Episcopi.

1137 2510 1360 2556 Homile'a
1380 2508 1457 2554 lix.
1484 2522 1608 2567 quae
1627 2514 1694 2555 est
1710 2510 1760 2557 ii.
1795 2511 1852 2558 de

1337 2569 1391 2616 S.
1417 2568 1636 2616 Eusebio·

1376 2646 1542 2693 Led'tio
1564 2659 1603 2692 v.

1347 2721 1572 2768 sanetiac
1583 2721 1852 2769 beatissimi

1319 2782 1470 2828 Patris
1496 2782 1646 2829 nostri
1689 2782 1856 2829 Remi-

1135 2840 1213 2898 gii,
1241 2843 1377 2900 cujus
1398 2841 1544 2888 bodie
1571 2841 1697 2887 saeta
1725 2843 1854 2887 cele-

1135 2899 1341 2955 bramus,
1386 2901 1553 2948 laudes
1578 2900 1844 2957 addidisse,
