2050 3392
505 258 685 311 Feria
707 264 914 325 quarta
938 260 1020 313 ad
1035 260 1409 314 Matutinum.

190 388 245 425 ut
262 378 502 437 sagittent
532 379 587 424 in
605 378 805 425 occultis
827 381 915 425 im·

191 440 505 484 maculatum.

248 499 425 544 subito
456 498 760 556 sagittabunt
784 513 905 551 eum,

192 565 238 602 et
253 572 348 602 non
369 559 614 605 timebunt
635 573 646 603 :
662 557 689 581 ⁴*
702 558 914 604 firmave-

193 624 299 661 runt
322 618 416 661 sibi
436 618 662 663 sermone
686 631 907 675 nequam.

252 676 586 722 Narraverunt
627 684 682 721 ut
714 678 912 722 abscon-

194 736 358 780 derent
374 736 580 792 laqueos
594 750 607 780 z
620 736 648 760 ⁴*
666 736 914 782 dixemnt:

194 794 317 850 Quis
334 795 517 839 videbit
539 808 626 839 eos
645 796 668 839 ?

250 854 460 900 Scrutati
518 861 633 898 sunt
692 854 912 911 iniquita-

194 919 264 958 tes
279 928 290 958 t
305 911 332 935 ἤ
347 913 630 959 defecerunt
645 915 911 960 scrutantes

192 972 435 1018 scrutinio.

219 1056 226 1063 ·
248 1032 463 1077 Accedet
485 1032 639 1076 homo
658 1033 724 1077 ad
744 1045 827 1077 cor
844 1033 912 1077 al·-

192 1097 298 1136 tum
313 1106 324 1136 :
341 1090 369 1114 ⁴*
383 1100 433 1136 et
449 1091 741 1137 exaltabitur
761 1092 906 1137 Deus.

251 1150 471 1207 Sagittae
504 1150 814 1208 parvulorum
842 1151 911 1195 fa-

190 1208 300 1254 diae
314 1217 426 1255 sunt
437 1210 615 1268 plagae
635 1209 802 1254 eorum
809 1208 849 1255 2*
862 1218 910 1255 et

191 1268 459 1314 infirmatae
489 1276 604 1313 sunt
629 1277 798 1313 contra
826 1283 910 1314 eos

189 1327 384 1383 linguae
402 1328 588 1373 eorum.

249 1387 541 1431 Conturbati
588 1393 701 1431 sunt
742 1400 909 1447 omnes

190 1447 272 1502 qui
304 1446 532 1491 videbant
563 1459 649 1490 eos
676 1460 688 1491 ι
711 1445 738 1471 ⁴*
768 1453 817 1492 et
853 1447 909 1491 ti-

190 1506 311 1550 muit
330 1506 489 1550 omnis
512 1505 677 1549 homo.

248 1564 314 1609 Et
334 1564 741 1609 annuntiaverunt
762 1563 910 1621 opera

191 1622 285 1668 Dei
311 1637 323 1667 z
345 1622 373 1646 *
394 1631 444 1668 et
479 1622 613 1668 faeta
641 1623 744 1680 ejus
774 1623 910 1668 intel-

189 1681 418 1728 lexerunt.

251 1742 536 1787 Laetabitur
542 1742 703 1798 justus
716 1742 764 1786 in
774 1742 899 1794 Dflo,

189 1809 237 1846 et
256 1801 467 1858 sperabit
490 1801 540 1845 in
555 1800 664 1852 eost*
680 1808 728 1845 et
744 1802 905 1847 lauda·

189 1859 367 1905 buntur
387 1872 555 1904 omnes
577 1858 694 1904 teeti
715 1861 872 1907 corde.

251 1915 373 1961 Ana.
403 1918 581 1964 Nonne
614 1919 721 1964 Deo
750 1917 907 1979 subje-

189 1977 271 2024 <sta
290 1979 380 2025 erit
401 1978 565 2023 anima
586 1991 696 2023 mea
709 1979 731 2024 Ρ

250 2036 370 2080 Ana.
403 2037 689 2083 Benedicite.

386 2119 598 2164 Psalmns
622 2120 714 2165 lxv.

354 2211 656 2258 UBILATE
702 2213 809 2258 Deo
858 2226 909 2259 o-

381 2272 504 2316 mnis
517 2281 653 2323 terra,
673 2274 910 2329 psalmum

191 2329 336 2375 dicite
367 2331 550 2377 nomini
581 2334 689 2390 ejus
714 2348 725 2379 :
746 2333 775 2360 ὓ
795 2335 908 2379 date

188 2389 400 2447 gloriam
418 2390 546 2436 laudi
567 2392 685 2449 ejus.

251 2446 416 2494 Dicite
455 2450 562 2494 Deo
597 2463 745 2506 quam
778 2452 907 2496 terri·

189 2507 309 2552 bilia
341 2517 456 2553 sunt
488 2509 637 2567 opera
668 2517 764 2560 tua,
808 2509 907 2555 Do·

190 2568 351 2612 mine!
379 2564 407 2588 ⁴*
428 2568 473 2612 in
494 2567 801 2613 multitudine
820 2569 906 2613 vir-

190 2625 310 2670 tutis
344 2633 455 2670 tuae
494 2627 782 2672 mentientur
821 2628 905 2672 tibi

190 2684 380 2729 inimici
402 2686 480 2730 tui.

254 2742 430 2787 Omnis
451 2751 571 2789 term
585 2744 756 2790 adoret
775 2752 833 2796 te,
859 2752 905 2791 et

192 2802 374 2860 psallat
399 2802 478 2847 tibi
499 2801 554 2848 1*
575 2804 818 2861 psalmum
836 2805 907 2851 di-

194 2868 277 2905 oet
298 2859 481 2906 nomini
500 2870 598 2909 tuo.

1040 356 1223 435 Venite.
1265 391 1313 429 et
1353 357 1509 430 videte
1524 358 1691 443 *opera

913 472 922 481 .
983 441 1071 486 Dei
1095 456 1105 486 2
1123 441 1150 465 ⁴*
1172 437 1392 488 terribilis
1412 443 1459 489 in
1480 445 1689 491 consiliis

980 514 1122 558 super
1141 501 1266 547 filios
1289 502 1552 548 hominum.

1039 561 1134 615 Qui
1150 562 1379 606 convertit
1396 563 1587 607 marein
1601 562 1690 609 ati·

980 620 1106 671 dam.
1143 621 1192 665 in
1228 620 1424 666 flumine
1455 630 1692 678 pertrans-

980 678 1114 746 ibunt
1131 680 1308 737 pedez*
1322 681 1391 725 ibi
1408 680 1691 726 laetabimur

978 751 1028 782 m
1047 749 1172 794 1pso.

1038 798 1134 852 Qui
1156 798 1429 844 dominatur
1446 800 1494 844 in
1516 798 1688 844 virtute

978 868 1067 901 sua
1086 857 1134 900 in
1154 858 1411 909 aeternum,
1439 858 1563 904 oculi
1585 860 1687 917 ejus

977 929 1122 972 super
1141 916 1317 962 Gentes
1340 916 1599 975 respiciunt
1627 932 1637 963 :
1659 917 1695 967 *⁷

977 975 1062 1031 qui
1100 974 1378 1032 exhsperant
1425 989 1523 1021 nou
1562 977 1689 1021 exal·

978 1033 1138 1079 tentur
1156 1035 1206 1079 in
1226 1035 1504 1093 semetipsis,

1040 1093 1309 1138 Benedicite
1330 1095 1510 1140 Gentes
1532 1095 1686 1141 Deum

976 1161 1195 1197 nostrum
1223 1167 1233 1197 :
1256 1152 1282 1176 ⁴*
1303 1162 1350 1197 et
1371 1154 1587 1199 auditam
1616 1154 1686 1199 fa-

976 1211 1069 1255 cite
1091 1224 1255 1256 vocem
1277 1212 1428 1257 laudis
1445 1216 1560 1272 ejuS,

1036 1269 1131 1324 Qui
1142 1270 1301 1328 posuit
1309 1272 1519 1318 ammam
1528 1284 1685 1319 meam

975 1330 1041 1373 ad
1062 1330 1207 1374 vitam
1228 1344 1238 1374 :
1256 1330 1282 1355 ⁴*
1304 1340 1351 1376 et
1368 1330 1464 1376 noh
1485 1332 1618 1379 dedit
1635 1331 1684 1381 iu

977 1389 1348 1434 commotionem
1532 1404 1678 1436 meos.

1036 1448 1277 1502 Quoniam
1320 1449 1535 1506 probasti
1576 1462 1675 1499 nos.

977 1505 1109 1551 Deus
1129 1521 1140 1551 :
1158 1505 1185 1529 ἤ
1206 1507 1316 1563 igne
1336 1521 1424 1552 nos
1445 1508 1683 1553 examina·

974 1565 1048 1616 sti,
1070 1566 1192 1611 sicut
1206 1565 1507 1612 examinatur
1520 1567 1685 1623 arge'n-

974 1632 1093 1669 tum.

1037 1682 1271 1729 Induxisti
1283 1694 1371 1729 nos
1383 1684 1432 1729 in
1445 1682 1679 1741 laqueum.

973 1742 1177 1799 posuisti
1246 1743 1572 1789 tribulationes
1636 1744 1685 1787 in

974 1802 1122 1846 dorso
1142 1809 1306 1846 nostro
1334 1816 1345 1846 :
1368 1799 1393 1826 ⁴*
1416 1802 1683 1858 imposuisti

974 1859 1193 1906 homines
1222 1874 1366 1918 super
1405 1861 1566 1919 capita
1599 1874 1685 1908 no-

972 1927 1087 1965 stra.

1033 1978 1360 2026 Transivimus
1398 1992 1484 2038 per
1523 1980 1680 2037 ignem

972 2045 1020 2082 et
1036 2051 1213 2095 aquam
1234 2054 1245 2084 z
1263 2039 1290 2063 ἤ
1304 2047 1353 2084 et
1368 2039 1572 2085 eduxisti
1592 2053 1682 2087 nos

972 2097 1021 2141 in
1045 2097 1347 2154 ‘drigerium.

1036 2157 1246 2202 Introibo
1263 2159 1311 2201 in
1328 2158 1527 2202 domum
1547 2166 1680 2204 tuam

974 2215 1022 2259 in
1064 2216 1352 2262 holocaustis
1379 2230 1393 2263 :
1426 2214 1451 2241 ⁴*
1483 2218 1679 2263 reddam

975 2275 1060 2319 tibi
1083 2283 1195 2320 vota
1222 2289 1342 2328 mea,
1369 2288 1494 2333 quae
1516 2276 1681 2321 distin-

974 2333 1144 2379 xerunt
1164 2335 1290 2380 labia
1311 2348 1431 2380 mea.

1034 2393 1398 2439 Etlocutumest
1408 2406 1462 2438 os
1471 2392 1680 2445 meumst*

973 2452 1022 2496 in
1043 2452 1346 2497 tribulatione
1367 2465 1485 2497 mea.

1035 2511 1334 2556 Holocausta
1425 2511 1684 2558 medullata

972 2569 1170 2617 offeram
1213 2571 1296 2614 tibi
1338 2583 1447 2614 cum
1490 2569 1683 2616 incenso

972 2630 1172 2675 arietum
1196 2630 1251 2675 ι’
1270 2629 1469 2675 offeram
1491 2629 1575 2674 tibi
1599 2630 1682 2674 bo·

973 2688 1053 2733 ves
1075 2702 1184 2733 cum
1205 2689 1359 2734 hircis.

1021 2747 1390 2798 Venite,audite,
1403 2755 1451 2792 et
1458 2746 1676 2798 narrabo,

972 2819 1143 2851 omnes
1165 2807 1245 2863 qui
1279 2806 1451 2851 timetis
1473 2805 1677 2857 Deum,*

972 2872 1155 2924 quanta
1173 2865 1283 2911 fecit
1302 2865 1489 2911 animae
1510 2878 1659 2910 meae.
