2050 3392
483 283 660 335 Feria
683 284 922 336 secunda
947 285 1030 336 ad
1046 285 1420 337 Matutinum.

242 407 371 461 Quia
393 405 633 452 Dominus
661 415 793 452 amat
817 407 893 464 Ju-

190 467 373 518 dicium,
400 475 448 511 et
471 480 571 510 non
602 466 894 523 derelinquet

190 525 376 570 sanetos
389 539 522 571 suos:
538 524 565 548 ⁴*
585 526 634 569 in
649 525 894 570 aeternum

191 586 605 630 conservabuntur.

247 645 414 702 Injusti
431 644 748 700 punienturz*
765 653 812 689 et
823 655 897 688 se-

188 717 293 749 men
314 704 576 761 impiorum
597 703 781 760 peribit.

236 764 362 826 Justi
414 771 582 807 autern
633 761 896 806 haeredita-

188 823 302 868 bunt
326 831 502 867 terram
523 835 533 866 ε
551 821 578 845 ⁴*
592 830 641 867 et
661 821 896 866 inhabita-

186 883 301 927 bunt
343 882 393 926 in
435 881 685 926 saeculum
722 881 895 925 saeculi

189 955 326 998 super
345 954 471 985 eam.

244 1000 314 1045 Os
342 1000 460 1057 justi
493 998 804 1043 meditabitur
823 1012 897 1043 sa-

189 1060 429 1117 pientiam,
459 1057 488 1082 *
519 1066 570 1102 et
601 1059 765 1114 lingua
795 1059 897 1115 ejus

190 1119 409 1175 loquetur
424 1117 677 1176 judicium.

251 1178 352 1221 Lex
385 1177 479 1222 Dei
522 1178 627 1233 eJ'us
669 1177 717 1219 in
758 1177 902 1221 corde

192 1237 336 1294 ipsius
357 1236 412 1281 :*
435 1244 483 1281 et
505 1248 605 1279 non
626 1235 903 1293 supplanta-

192 1296 367 1341 buntur
386 1307 583 1351 gressus
602 1294 718 1352 ejus.

250 1355 536 1400 Considerat
578 1352 804 1410 peccator
830 1355 906 1412 ju-

194 1422 318 1459 stum
347 1429 357 1459 :
381 1414 408 1437 *
430 1420 481 1458 et
502 1413 687 1470 quaerit
708 1413 906 1458 mortifi-

194 1473 301 1518 care
321 1487 448 1518 eum.

255 1532 497 1578 Dominus
518 1539 684 1576 autem
704 1545 801 1577 non
823 1533 907 1576 de·

196 1592 425 1649 relinquet
447 1605 561 1636 eum
591 1590 643 1635 in
682 1590 907 1637 manibus

195 1653 294 1711 ejus
323 1666 334 1698 :
358 1651 385 1675 ὓ
402 1665 493 1695 nec
508 1649 759 1695 damnabit
775 1664 899 1704 eum,

145 1711 148 1750 ἰ
195 1726 302 1757 cum
320 1711 620 1771 judicabitur
642 1710 721 1756 illi.

253 1770 474 1829 Expeota
489 1769 666 1821 Dfiuni,
688 1778 733 1815 et
748 1769 909 1815 custo-

196 1831 242 1875 di
259 1832 384 1875 viam
398 1830 502 1886 ejus
524 1842 534 1873 ε
552 1837 600 1872 et
615 1828 842 1874 exaltabit
860 1838 908 1873 te

196 1898 248 1935 ut
278 1887 578 1934 haereditate
613 1887 774 1945 capias
816 1896 908 1933 ter-

196 1962 314 1993 ram:
330 1949 358 1972 ⁴*
374 1961 487 1993 cum
501 1946 724 2004 perierint
739 1960 910 2004 pecca-

197 2009 322 2054 tores
344 2008 543 2052 videbis.

254 2068 367 2112 Vidi
404 2066 609 2124 impium
638 2066 909 2122 superexal-

198 2127 364 2178 tatum,
393 2125 422 2149 ⁴*
438 2135 485 2170 et
517 2123 755 2169 elevatum
783 2125 907 2170 sicut

199 2188 366 2231 cedros
390 2184 581 2230 Libani.

256 2246 320 2290 Et
353 2244 563 2295 transivi,
591 2251 638 2287 et
668 2257 778 2288 ecce
808 2255 908 2288 non

198 2313 298 2349 erat
321 2320 332 2350 ε
355 2304 384 2329 ⁴*
404 2312 453 2348 et
476 2301 687 2359 quaesivi
708 2316 831 2354 eum,
858 2310 908 2347 et

199 2376 294 2409 non
309 2372 381 2408 &st
399 2362 619 2407 inventus
641 2363 773 2406 locus
786 2362 901 2419 ejus.

257 2422 462 2467 Custodi
496 2421 831 2471 innocentiam,
858 2429 907 2466 et

199 2483 304 2527 vide
311 2479 623 2538 aequitatem:
634 2479 661 2504 ⁴*
678 2479 907 2536 quoniam

201 2551 307 2587 sunt
327 2539 556 2597 reliquiae
576 2538 760 2584 homini
780 2539 908 2596 paci-

202 2600 304 2647 fico.

259 2659 427 2717 Injusti
489 2666 654 2703 autem
715 2656 908 2714 disperi-

201 2717 318 2763 bunt
330 2718 472 2763 simul
491 2732 503 2763 :
525 2716 554 2743 ⁴*
575 2716 801 2773 reliquiae
822 2716 907 2761 im·

153 2793 157 2868 ι
202 2778 386 2835 piorum
407 2776 681 2821 interibunt.

260 2837 398 2882 Salus
417 2843 580 2882 autem
606 2834 845 2895 justorum
876 2850 907 2881 a

153 2875 464 3029 ‘Dominoz

500 2894 529 2921 ⁴*
565 2903 616 2941 et
660 2893 903 2953 proteetor

1610 293 1675 347 59

964 407 1129 480 eorum
1161 408 1212 451 in
1240 407 1453 464 tempore
1474 407 1668 453 tribula-

966 475 1368 584 mffls'adjwabit
1408 539 1491 571 eos
1530 527 1668 571 nnus

966 593 1012 630 et
1034 585 1248 631 liberabit
1279 599 1362 630 eos
1391 601 1401 630 :
1424 585 1452 610 ³*
1473 595 1518 630 et
1539 586 1667 630 eruet

966 658 1048 690 eos
1079 658 1110 689 a
1139 645 1481 701 peccatoribus,
1508 654 1556 688 et
1579 645 1669 689 sal-

966 703 1094 772 yabit
1110 717 1193 748 eos
1208 704 1346 761 :quia
1357 703 1664 762 speraverunt

967 777 1015 807 in
1035 775 1109 809 eo.

1117 860 1328 907 Psalmus
1358 862 1524 909 xxxvii.

1121 940 1362 994 OMINE,
1382 956 1442 987 ne
1457 942 1669 987 insurore

1153 1008 1236 1045 tuo
1256 1001 1428 1058 arguas
1442 1014 1530 1052 me,
1548 1000 1574 1024 ⁴*
1590 1014 1668 1045 ne—

970 1071 1065 1116 que
1085 1073 1133 1103 in
1149 1060 1218 1104 ira
1240 1068 1323 1104 tua
1335 1060 1559 1117 corripias
1573 1073 1662 1104 me.

1030 1117 1271 1173 Quoniam
1317 1118 1519 1175 sagittae
1561 1127 1669 1164 tuae

970 1177 1143 1222 infixae
1163 1186 1273 1223 sunt
1284 1179 1402 1237 mihi
1424 1193 1434 1223 :
1453 1176 1480 1201 ⁴*
1496 1186 1543 1222 et
1556 1191 1668 1223 con-

967 1236 1163 1282 firmasti
1195 1250 1335 1295 super
1364 1250 1441 1282 me
1475 1251 1671 1283 manum

970 1303 1116 1341 tuam.

1031 1355 1144 1400 Non
1165 1363 1234 1401 est
1257 1356 1434 1402 sanitas
1466 1356 1513 1400 in
1534 1369 1674 1400 carne

969 1428 1079 1459 mea
1097 1429 1129 1459 a
1143 1415 1262 1460 facie
1277 1416 1374 1463 irae
1390 1424 1517 1460 tuae:
1533 1414 1558 1438 ⁴*
1577 1428 1674 1459 non

968 1482 1040 1518 est
1056 1488 1150 1531 pax
1171 1474 1356 1520 ossibus
1374 1475 1489 1519 meis
1506 1488 1536 1519 a
1557 1473 1676 1519 facie

968 1533 1274 1590 peccatorum
1296 1534 1522 1578 meorum.

1030 1591 1271 1647 Quoniam
1295 1592 1566 1649 iniquitates
1581 1605 1678 1636 me-

970 1664 1029 1695 ae
1068 1651 1401 1710 supergressae
1450 1659 1560 1696 sunt
1601 1665 1678 1695 ca·

970 1719 1060 1768 put
1080 1724 1240 1754 meum
1269 1725 1279 1754 :
1301 1710 1328 1733 '¹‘
1349 1719 1396 1755 et
1417 1712 1536 1755 sicut
1558 1724 1678 1755 onus

969 1783 1117 1826 grave
1145 1768 1370 1826 gravatae
1399 1778 1509 1814 sunt
1540 1783 1680 1827 super

971 1842 1064 1873 me.

1037 1888 1332 1941 Putruerunt,
1361 1895 1407 1933 et
1430 1887 1678 1947 corruptae

971 1956 1081 1992 sunt
1103 1947 1341 1993 cicatrices
1361 1948 1545 2001 meae*
1560 1963 1591 1993 a
1610 1948 1678 1993 fa-

972 2007 1045 2051 cie
1066 2008 1359 2065 insipientiae
1375 2022 1524 2053 meae.

1035 2066 1183 2110 Miser
1197 2066 1351 2111 faetus
1365 2081 1483 2118 sum,
1507 2076 1554 2112 et
1575 2081 1677 2112 cur-

973 2124 1109 2170 vatus
1130 2139 1236 2170 sum
1256 2140 1406 2184 usque
1423 2127 1471 2170 in
1485 2124 1677 2171 finemt*

973 2192 1077 2228 tota
1097 2185 1174 2228 die
1193 2185 1497 2231 contristatus
1528 2186 1679 2242 ingre-

972 2243 1150 2289 diebar.
1392 2298 1397 2303 ,

1031 2303 1272 2357 Quoniam
1302 2304 1448 2347 lumbi
1479 2303 1572 2348 mei
1593 2303 1678 2347 im-

972 2362 1086 2419 pleti
1127 2370 1237 2408 sunt
1278 2362 1572 2407 illusionibus
1608 2377 1618 2407 :
1650 2361 1677 2385 ⁴*

972 2430 1018 2467 et
1047 2435 1144 2466 non
1174 2430 1246 2467 est
1272 2421 1449 2467 sanitas
1471 2422 1519 2465 in
1540 2434 1679 2466 carne

973 2494 1092 2526 mea.

1031 2540 1248 2584 Afflio'tus
1265 2553 1383 2591 sum,
1403 2547 1449 2583 et
1463 2539 1677 2584 humilia-

973 2607 1049 2644 tus
1070 2613 1177 2643 sum
1199 2599 1338 2642 nimis
1362 2612 1371 2643 :
1390 2597 1416 2621 ⁴*
1435 2598 1676 2654 rugiebam

971 2672 1003 2703 a
1020 2659 1202 2715 gemitu
1223 2658 1378 2702 cordis
1400 2658 1506 2701 mei.

1033 2718 1252 2767 Domine,
1300 2724 1411 2760 ante
1452 2724 1498 2761 te
1537 2729 1679 2761 omne

972 2776 1259 2821 desiderium
1281 2789 1438 2819 meum
1462 2774 1514 2819 :⁴⁶
1530 2783 1576 2819 et
1599 2775 1679 2831 ge-

972 2836 1115 2881 mitus
1130 2848 1264 2880 meus
1276 2847 1307 2879 a
1320 2842 1367 2879 te
1374 2847 1472 2880 non
1486 2843 1557 2880 est
1572 2835 1680 2879 abs-

971 2894 1206 2941 conditus,
