2050 3392
194 416 472 458 omittantur
504 415 610 457 illae
636 413 900 462 Lectiones,

192 488 315 531 quae
354 475 423 517 his
467 475 638 517 diebus
677 474 768 528 legi
812 486 907 515 non

191 543 403 590 possunt.
494 534 543 576 Si
588 546 703 576 vero
748 533 796 574 in
839 545 908 575 se-

191 594 351 648 quenti
364 593 695 636 Hebdomada
715 592 805 634 hae
824 591 909 634 Le-

191 655 372 696 ctiones
410 653 457 695 in
495 652 594 695 suis
630 651 779 694 Feriis
816 651 907 706 legi

192 726 287 755 non
330 713 530 768 possint,
580 717 825 766 ponantur
862 712 908 753 in

192 773 497 827 sequentibus
524 771 672 814 Feriis
694 770 907 824 ejusdcm

195 833 549 874 Hebdomadae
599 831 739 886 juxta
785 829 909 872 ordi-

192 905 297 934 nem
340 891 565 935 historiae
608 896 656 934 et
698 888 907 946 martyrii

194 952 618 995 Machabaeorum.

221 1025 295 1073 De
315 1026 436 1074 libro
457 1025 677 1074 secundo
695 1027 894 1074 Macha-

429 1089 681 1135 baeorum.

282 1177 443 1223 Lectio
465 1179 493 1224 i.
636 1173 748 1230 Cap.
775 1172 833 1218 iv.

221 1249 248 1253 ’”
311 1251 338 1253 ’“
403 1247 681 1293 IMON
749 1255 910 1293 autem

230 1353 246 1361 s
424 1324 426 1351 ι
463 1306 742 1365 praedietus
768 1321 910 1365 pecu-

214 1377 219 1451 Ῑ
327 1383 381 1434 ³³⁴
424 1366 910 1471 2325253‘21‘133532‘2

197 1485 434 1541 quebatur
442 1488 502 1531 de
511 1486 654 1538 Onia,
662 1495 907 1543 tamquam

197 1544 304 1600 ipse
314 1545 630 1591 Heliodorum
641 1545 908 1604 instigasset

195 1604 265 1648 ad
288 1604 415 1657 haec,
442 1613 487 1650 et
510 1606 614 1663 ipse
642 1604 808 1651 fuisset
839 1606 907 1649 in-

194 1662 361 1710 centor
388 1665 627 1712 malorum
656 1678 666 1709 :
698 1666 905 1722 proviso-

192 1724 390 1783 remque
413 1725 632 1776 civitam,
657 1738 715 1769 ac
747 1725 905 1770 defen-

192 1783 349 1829 sorem
365 1785 522 1844 gentis
539 1798 667 1837 suae,
682 1792 729 1829 et
744 1799 904 1829 aemu-

191 1843 391 1889 latorem
421 1845 541 1902 legis
573 1844 665 1888 Dei
696 1844 903 1889 audebat

192 1902 519 1949 insidiatdrem
560 1903 693 1960 regni
729 1903 898 1949 dicere.

191 1961 302 2016 Sed,
322 1977 430 2008 cum
448 1961 723 2007 inimicitiae
738 1963 784 2006 in
802 1971 903 2007 tan-

189 2029 292 2066 tum
324 2023 653 2080 procederent,
680 2030 732 2067 ut
761 2021 901 2067 etiam

186 2094 276 2139 per
310 2083 551 2139 quosdam
583 2080 789 2126 Simonis
822 2094 902 2127 ne-

186 2140 422 2186 cessat-ios
495 2140 753 2186 homicidia
822 2140 901 2185 fie-

185 2210 292 2246 rent
342 2214 353 2246 z
396 2199 708 2245 considerans
754 2199 902 2246 Onias

186 2260 455 2316 periculum
487 2259 819 2310 contentidnis‚
856 2268 900 2305 et

186 2320 504 2377 Apollonium
525 2318 742 2371 insanire,
763 2317 882 2376 t'ttpo

188 2386 235 2423 te
282 2380 459 2423 ducem
503 2377 818 2435 Coelesyriae‚
854 2387 900 2423 et

190 2438 456 2488 Phoenicis.
515 2437 579 2482 ad
629 2436 899 2493 augendam

188 2497 422 2542 malitiam
432 2495 726 2548 Simonis‚ad
739 2509 899 2554 regem

187 2569 239 2601 se
270 2556 487 2608 contulit,
514 2568 614 2601 non
646 2562 698 2599 ut
730 2555 896 2599 civium

185 2616 452 2668 accusator,
480 2615 567 2660 sed
596 2613 898 2659 communem

186 2675 443 2721 utilitatem
517 2674 652 2732 apud
732 2681 899 2719 semet-

185 2733 346 2791 ipsum
368 2733 619 2779 universae
639 2732 900 2778 multitudi-

183 2794 262 2838 nis
281 2794 611 2839 considerans,

243 2861 321 2920 R7‚
359 2850 628 2911 Adaperiat
668 2849 900 2897 Deminus

184 2925 282 2959 cor.
302 2914 404 2973 238.

486 271 654 341 Infra
680 243 1152 345 Hedefbuartam
1182 278 1440 335 oaobrezv.

1588 299 1689 353 245

1213 429 1376 475 Leetio
1399 431 1441 476 ii.

1131 505 1378 551 IDEBAT
1418 508 1543 554 enim
1586 510 1686 556 sine

985 619 994 629 ⁵
1155 567 1298 621 regali
1388 570 1687 625 providentia

982 624 1270 678 impossibile
1287 640 1389 671 esse
1418 641 1584 685 pacem
1616 643 1687 673 re-

982 679 1070 724 bus
1124 684 1238 735 dari,
1295 700 1382 732 nec
1442 689 1684 734 Simonem

980 752 1121 796 posse
1133 743 1316 789 cessate
1328 760 1358 789 a
1372 747 1566 793 stultitia
1578 763 1678 794 sua.

979 799 1075 843 Sed
1107 810 1215 858 post
1237 803 1416 850 Seleuci
1455 808 1575 852 vitae
1606 822 1685 854 ex-

979 859 1178 912 cessum,
1236 876 1344 908 cum
1400 867 1682 924 suscepisset

979 931 1177 974 regnum
1193 920 1557 982 Antiochu5,qui
1581 927 1682 973 Νό-

978 977 1083 1021 bilis
1093 981 1229 1036 appel
1236 981 1433 1034 labatur,
1441 985 1681 1032 ambiebat

980 1035 1124 1082 Ieson
1135 1038 1275 1083 frater
1282 1041 1433 1086 Oniae
1442 1057 1680 1090 summum

978 1097 1296 1143 sacerdotium
1333 1114 1343 1145 ε
1378 1101 1509 1147 adito
1549 1118 1673 1162 rege,

976 1156 1259 1212 promittens
1276 1159 1317 1203 ei
1331 1161 1511 1218 argenti
1535 1165 1680 1208 talen-

977 1223 1027 1260 ta
1067 1217 1275 1263 trecenta
1327 1222 1584 1279 sexaginta,
1631 1232 1678 1269 et

975 1288 1033 1319 ex
1068 1278 1332 1324 redditibus
1367 1279 1471 1325 aliis
1501 1284 1680 1329 talenta

974 1335 1231 1395 oc‘toginta,
1258 1352 1401 1397 super
1422 1340 1538 1386 haec
1571 1356 1679 1399 pro-

974 1396 1188 1443 mittebat
1240 1406 1285 1443 et
1336 1398 1430 1444 alia
1484 1408 1677 1446 centum

972 1455 1330 1514 quinquaginta,
1372 1459 1411 1503 si
1453 1460 1676 1516 potestati

972 1516 1073 1572 ejus
1109 1517 1444 1563 concederetur
1476 1520 1677 1577 gymna-

971 1575 1162 1627 sium,et
1184 1576 1435 1633 ephebiam
1459 1580 1545 1623 sibi
1563 1593 1676 1624 con-

971 1632 1177 1685 stituere,
1199 1641 1246 1678 et
1267 1648 1362 1688 eos,
1385 1638 1466 1693 qui
1485 1638 1529 1681 in
1541 1638 1676 1700 Jero-

971 1693 1166 1750 solymis
1182 1701 1329 1746 erant,
1349 1694 1680 1743 Antiochenos'

970 1753 1186 1798 scribere.

1023 1814 1097 1875 R7,
1151 1811 1388 1859 Exeudiat
1439 1813 1675 1862 Deminus

970 1871 1220 1919 orationes.
1247 1886 1346 1932 239.

1187 1949 1350 1997 Lectio
1374 1950 1432 1995 iii.

1115 2020 1276 2067 UOD
1317 2036 1426 2068 cum
1467 2037 1548 2071 rex
1588 2039 1671 2070 an-

1141 2082 1333 2135 nuisset,
1370 2091 1416 2129 et
1442 2084 1670 2130 obtinuis-

967 2146 1037 2184 set
1058 2140 1390 2199 principatum,
1418 2145 1576 2188 statim
1606 2146 1670 2190 ad

966 2199 1189 2256 gentilem
1214 2202 1357 2246 ritum
1385 2203 1671 2249 contribules

967 2272 1079 2303 suos
1099 2260 1346 2306 transferre
1369 2263 1539 2319 coepit.
1607 2264 1668 2308 Et

883 2346 902 2353 -
965 2318 1136 2364 amotis
1152 2319 1237 2371 his.
1261 2334 1384 2377 quae
1401 2321 1670 2366 humanita-

966 2378 1024 2422 tis
1044 2391 1188 2423 causa
1208 2379 1407 2441 Judaeis
1428 2394 1458 2424 a
1477 2380 1669 2436 regibus

966 2436 1149 2483 fuerant
1158 2437 1427 2489 constituta,
1435 2439 1548 2500 perJ
1554 2438 1669 2483 oen·

965 2510 1073 2540 nem
1094 2505 1277 2554 patrem
1301 2497 1566 2554 Eupolemi‚
1586 2499 1668 2555 qui

964 2556 1096 2612 apud
1145 2556 1388 2600 Romanos
1439 2557 1501 2600 de
1550 2558 1667 2600 ami-

965 2614 1086 2665 citia,
1120 2622 1167 2659 et
1203 2615 1428 2660 societate
1475 2614 1669 2661 functus

964 2681 1034 2718 est
1068 2674 1305 2731 legatidne
1340 2674 1561 2732 legitima,
1604 2677 1668 2720 ci-

965 2733 1091 2778 vium
1103 2734 1211 2805 jura
1227 2731 1500 2787 destituens,
1522 2748 1668 2792 prava

964 2792 1176 2838 instituta
1196 2792 1451 2839 sanciebat.

1022 2856 1098 2915 1³7,
1130 2851 1419 2911 Congregeti
1456 2863 1564 2901 sunt
1598 2856 1668 2900 in-

964 2909 1103 2958 imici.
1125 2924 1223 2971 239.
