2050 3392
351 272 451 311 110

402 376 498 421 Tui
518 383 628 421 sunt
649 376 781 428 coeli,
804 383 850 421 et
873 383 955 421 tua
977 383 1049 420 est

344 443 478 487 terra,
494 436 655 480 orbem
674 444 824 481 terrae
839 443 886 480 et
902 435 1049 492 pleni-

342 493 558 540 tudinem
577 497 678 553 ejus
701 504 752 541 tu
773 494 1004 540 fundAsti:
1021 492 1048 518 ⁴⁶

342 554 578 611 aquilone,
585 563 632 599 et
648 568 777 600 mare
793 561 845 599 tu
862 552 1044 600 creasti.

402 614 600 659 Thabor
611 622 657 659 et
675 613 913 658 Hermon
903 627 950 657 m
963 612 1051 659 no-

343 674 470 718 mine
480 682 563 718 tuo
571 672 898 719 exultabunt*
859 709 869 718 .
914 681 1049 718 tuum

343 732 589 778 brachium
610 747 719 778 cum
740 733 968 791 potentia.

404 793 638 838 Firmetur
667 806 838 838 manus
867 801 964 843 tua,
1001 800 1048 836 et

341 852 573 897 exaltetur
592 852 784 899 dextera
807 861 886 897 tua
907 866 917 897 ε
936 850 963 877 ⁴*
974 851 1051 908 ju-

341 910 472 958 stitia
484 921 533 958 et
544 912 777 971 judIcium
797 910 1050 970 praepare-

343 972 409 1018 tio
425 973 552 1017 sedis
566 980 690 1017 tuae.

403 1031 732 1077 Misericordia
771 1038 820 1076 et
859 1030 1044 1081 veritas,

340 1091 626 1149 praecedent
646 1091 818 1136 faciem
837 1098 971 1136 tuam
994 1089 1050 1135 z*

340 1150 510 1196 beatus
560 1151 781 1209 populus.
828 1151 912 1208 qui
961 1149 1050 1196 scit

337 1210 686 1267 jubilationem.

403 1268 620 1320 Domine,
640 1269 689 1313 in
705 1268 882 1313 himine
894 1269 1050 1315 vultus

341 1329 410 1373 tui
428 1328 808 1379 ambulabunt,et
829 1328 879 1372 in
899 1328 1051 1374 nomi-

342 1401 401 1432 ne
414 1395 499 1432 tuo
514 1387 791 1432 exultabunt
811 1394 912 1432 tota
925 1386 1052 1433 diez*

341 1454 389 1491 et
433 1447 484 1491 in
518 1445 704 1504 J‘ustitia
755 1455 837 1491 tua
875 1448 1052 1492 exalta-

341 1505 531 1551 bt'mtur.

402 1564 644 1619 Quoniam
684 1565 837 1622 gloria
865 1563 1051 1611 virtfitis

341 1623 508 1670 eorum
538 1632 592 1669 tu
611 1638 662 1670 es
689 1640 700 1671 :
724 1624 751 1649 ⁴*
771 1626 889 1670 etin
910 1627 1052 1670 bene-

342 1683 520 1743 pldcito
541 1692 625 1730 tuo
646 1684 929 1732 exaltfibitur
949 1699 1052 1731 oor-

344 1759 409 1790 nu
430 1754 659 1791 nostrum.

402 1805 529 1859 Quia
552 1805 748 1851 Domini
768 1813 838 1851 est
868 1804 1051 1851 asstim-

342 1864 445 1921 ptio
466 1873 629 1909 nostra
656 1879 666 1910 ε
688 1864 717 1888 ⁴*
737 1872 785 1910 et
805 1865 958 1910 sanoti
983 1864 1052 1910 Is-

344 1924 440 1967 raffl
462 1925 584 1981 regis
605 1925 768 1970 nostri.

402 1983 542 2028 Tunc
562 1983 749 2029 loct'ttus
769 1997 820 2029 es
841 1983 889 2028 in
909 1982 1050 2028 visio-

342 2056 404 2087 ne
419 2043 595 2088 mmstis
617 2044 722 2094 tuis.
744 2051 790 2088 et
812 2042 974 2088 dixisti
995 2041 1051 2087 ε’

347 2102 489 2148 Posui
511 2103 801 2160 adjutorium
818 2103 866 2146 in
883 2101 1052 2159 poten-

345 2169 393 2206 te
419 2176 429 2206 :
452 2170 498 2207 et
519 2161 718 2207 exaltavi
752 2161 958 2207 eleetum
989 2163 1052 2207 de

342 2220 480 2279 plebe
500 2235 620 2267 mea.

405 2280 567 2326 Inveni
584 2281 739 2325 David
752 2294 937 2326 servum
954 2294 1054 2325 me-

341 2354 444 2385 um:
459 2339 486 2363 ⁴*
499 2339 605 2386 oleo
621 2339 789 2385 saneto
809 2354 917 2385 meo
937 2340 1052 2385 unxi

344 2413 469 2445 eum.

405 2460 581 2504 Manus
597 2458 722 2504 enim
735 2472 843 2505 mea
856 2458 1053 2504 auxilia-

343 2518 468 2563 bitur
488 2519 563 2563 ei:
578 2517 665 2563 *et
685 2518 933 2564 brachium
955 2530 1051 2563 me-

343 2589 425 2620 um
447 2577 732 2622 confortitbit
753 2590 877 2623 eum.

406 2636 538 2680 Nihil
577 2637 791 2693 proficiet
833 2635 1051 2682 inimlcus

344 2694 391 2737 in
412 2706 483 2745 ee,
512 2695 539 2719 ⁴*
560 2702 606 2739 et
638 2696 761 2740 filius
790 2696 1051 2753 iniquitatis

345 2765 440 2795 non
460 2754 670 2809 apponet
692 2755 860 2800 nooere
880 2755 936 2800 ei.

405 2810 466 2852 Et
486 2812 734 2856 concidam
756 2828 786 2857 a
806 2813 924 2858 facie
942 2814 1049 2871 ipsi·

343 2880 400 2911 us
416 2867 630 2913 inimicos
642 2871 769 2927 ejus:
783 2869 870 2918 *et
884 2873 1051 2919 odien-

675 255 848 307 Feria
872 260 1030 308 sexta
1056 254 1139 307 ad
1156 255 1534 308 Matuti.num

1119 382 1190 421 tes
1221 388 1333 421 eum
1363 375 1412 420 in
1442 374 1610 433 sugam
1644 374 1849 423 converb

1120 442 1235 480 tam.

1182 495 1245 539 Et
1266 494 1437 540 veritas
1467 507 1589 546 men,
1615 502 1667 540 et
1697 495 1851 540 mise·-

1121 553 1325 600 ricordia
1341 567 1450 599 mea
1465 567 1576 599 cum
1593 554 1733 611 ipso:
1751 553 1780 577 ⁴*
1793 562 1848 599 et

1122 612 1170 657 in
1192 613 1384 659 nomine
1407 626 1516 658 meo
1547 613 1851 659 exaltabitur

1121 686 1268 718 cornu
1288 673 1404 730 eJus.

1182 733 1244 777 Et
1254 733 1490 790 ponamin
1499 732 1618 777 mari
1635 745 1845 777 manum

1120 792 1250 850 ejus:
1268 791 1357 837 *et
1380 792 1429 836 in
1451 791 1733 837 fluminibus
1757 792 1848 838 de-

1120 860 1302 897 xteram
1324 853 1438 910 ejus.

1183 912 1292 969 Ipse
1304 910 1545 956 invocdblt
1566 924 1674 956 me:
1691 911 1846 956 Pater

1117 984 1315 1017 meuses
1332 979 1414 1016 tu·
1431 969 1458 993 ¹*
1478 971 1608 1015 Deus
1622 984 1776 1024 meus,
1790 979 1845 1017 et

1119 1031 1367 1088 susceptor
1389 1028 1555 1076 salutis
1576 1043 1754 1075 meae:

1180 1090 1244 1135 Et
1256 1104 1348 1147 ego
1361 1089 1733 1147 primogenitum
1747 1102 1843 1147 po-

1119 1163 1233 1194 nam
1255 1148 1434 1195 illum*
1456 1149 1693 1195 exoelsum
1714 1162 1840 1207 prae

1121 1209 1310 1266 regibus
1333 1217 1495 1254 terrae.

1182 1269 1239 1313 In
1259 1268 1501 1314 aeternum
1534 1266 1734 1313 servabo
1766 1268 1837 1313 ini

1121 1328 1491 1374 misericordiam
1512 1341 1708 1374 meam:
1732 1326 1763 1351 ⁴*
1783 1336 1835 1373 et

1123 1388 1458 1434 testamentum
1489 1400 1650 1433 meum
1690 1386 1839 1433 fidele

1120 1448 1224 1505 ipsi.

1182 1507 1243 1552 Et
1285 1519 1463 1565 ponam
1504 1506 1554 1551 in
1582 1506 1835 1552 saeculum

1124 1567 1298 1611 saeculi
1331 1579 1492 1611 semen
1530 1565 1633 1622 ejus
1670 1580 1681 1611 :
1713 1563 1743 1589 ¹*
1780 1574 1835 1611 et

1126 1626 1350 1670 thronum
1399 1626 1501 1682 eJus
1551 1625 1674 1670 sicut
1726 1626 1836 1671 dies

1123 1686 1258 1731 coeli.

1180 1745 1228 1790 Si
1245 1752 1406 1790 autem
1422 1744 1757 1801 ἀετεὶίᾳιιετίῐιι
1773 1745 1832 1789 fl-

1118 1805 1284 1862 liieJ‘us
1300 1805 1454 1871 legem
1474 1817 1664 1849 meam:
1679 1803 1769 1849 et
1782 1818 1835 1849 m

1114 1864 1304 1922 judiciis
1334 1863 1452 1908 meis
1482 1876 1581 1908 non
1611 1863 1833 1909 ambula-

1120 1924 1300 1969 verint:

1179 1982 1227 2027 Si
1239 1980 1447 2039 J‘ustitias
1463 1995 1594 2027 meas
1606 1981 1836 2039 profand-

1120 2042 1306 2087 verint:
1338 2040 1366 2066 *
1387 2049 1435 2087 et
1457 2042 1691 2087 mndata
1720 2055 1832 2087 mea

1119 2114 1216 2146 non
1237 2100 1577 2146 custodierint:

1177 2160 1396 2206 Visitabo
1425 2160 1474 2205 in
1505 2160 1639 2216 virga
1659 2160 1724 2205 ini

1121 2219 1242 2265 tetes
1262 2219 1460 2265 eorum:
1482 2218 1509 2243 ⁴*
1529 2226 1578 2263 et
1598 2219 1650 2263 in
1670 2232 1751 2264 ver

1120 2280 1247 2325 ribus
1268 2278 1467 2336 peccata
1485 2278 1667 2323 eorum.

1172 2339 1835 2384 Misericordiamautemme—

1120 2411 1200 2444 am
1221 2411 1318 2443 non
1334 2397 1607 2455 dispergam
1627 2398 1695 2442 ab
1714 2412 1801 2444 eo:
1791 2397 1835 2423 ·*

1120 2470 1276 2514 neque
1315 2456 1500 2502 nooebo
1541 2456 1592 2500 in
1634 2456 1836 2503 ventfite

1119 2531 1265 2562 mea:

1180 2576 1355 2634 Neque
1388 2574 1656 2657 profanabo
1688 2584 1838 2622 testa-

1119 2636 1331 2681 mentum
1352 2649 1550 2680 meum:
1580 2633 1684 2679 *et
1709 2649 1839 2692 quae

1119 2696 1383 2752 procedunt
1425 2696 1485 2739 de
1526 2693 1665 2739 labiis
1712 2696 1834 2741 meis

1119 2768 1215 2799 non
1236 2753 1406 2799 faciam
1430 2753 1571 2798 irrita.
1896 2801 1899 2810 ,

1177 2814 1331 2858 Semel
1373 2812 1524 2871 J'ureivi
1567 2813 1615 2857 in
1657 2813 1834 2859 saneto
1896 2816 1901 2865 ξ

1119 2886 1238 2924 meo.
1267 2873 1307 2918 si
1340 2828 1495 2917 DJavid
1524 2871 1772 2920 mentiar:
1898 2902 1901 2941 Ι
