2050 3392
84 232 89 309 Ι

83 322 304 503 ,ι

179 269 290 325 Die
304 283 376 341 29
395 269 566 340 Sept„
592 270 654 324 in
674 272 862 327 Dedic.
881 273 942 328 S.
963 273 1283 343 Michaelis,
1299 275 1475 331 Arclt.
1504 290 1604 343 441

355 418 524 464 Leo-tio
545 420 638 468 viu

134 487 270 608 S
278 496 298 540 1
336 502 497 541 autem
535 509 705 541 manus
749 504 844 549 tua,

305 556 377 601 vel
406 569 489 613 pes
521 563 630 601 tuus
652 558 850 602 scanda-

139 612 251 660 IIzat
286 624 345 666 te,
382 616 611 661 abscinde
644 630 766 669 euni,
802 625 850 662 et

83 630 319 734 {projice
370 677 455 720 abs
506 684 567 721 te,
642 676 849 722 Necesse

83 748 84 770 ι
141 743 213 779 est
225 735 418 793 quidem
433 735 590 780 venire
604 736 846 781 scandala:

83 800 84 803 ’
139 808 227 839 vae
268 802 425 839 tamen
461 795 505 840 ei
540 803 610 840 est
646 795 840 849 homini,

138 854 221 911 qui
242 855 373 911 quod
395 854 585 900 necesse
605 863 676 900 est
697 863 747 900 ut
766 855 846 901 fiat

140 914 190 958 in
222 915 415 965 mundo,
443 914 559 958 vitio
595 928 682 959 suo
715 914 839 967 facit,

137 980 192 1020 ut
211 987 306 1030 per
317 987 368 1018 se
388 973 484 1019 fiat.
524 974 676 1030 Igitur
690 975 845 1020 omnis

136 1032 382 1078 truncatur
413 1033 623 1084 affectus,
662 1042 708 1079 et
743 1035 845 1079 uni-

138 1092 272 1139 versa
305 1092 637 1151 propiaquitas
678 1108 845 1152 ampu-

136 1151 275 1202 tatur.
323 1166 382 1197 ne
422 1165 508 1210 per
545 1153 843 1200 occasionem

136 1211 326 1269 pietatis
376 1213 704 1270 unusquIsque
748 1228 844 1260 cre-

134 1225 349 1317 dentium
389 1272 626 1318 scaudalis
663 1273 837 1331 pateat.

133 1331 200 1382 Si,
230 1332 393 1404 inquit,
422 1333 489 1377 ita
523 1340 593 1378 est
622 1334 728 1403 quis
758 1335 840 1379 tibi

132 1389 427 1449 conjuncstus,
455 1399 508 1437 ut
531 1406 715 1443 manus,
735 1408 834 1452 pes,

132 1450 311 1503 oculus,
346 1459 393 1497 et
428 1458 503 1497 est
536 1451 661 1497 utilis
697 1461 841 1511 atque

132 1510 372 1562 sollicitus,
396 1519 442 1556 et
463 1510 631 1558 acutus
650 1514 714 1558 ad
738 1527 841 1571 per-

131 1570 448 1628 spiciendum:
464 1571 743 1617 scandalum
758 1587 840 1619 au-

133 1638 230 1679 tem
266 1630 350 1676 tibi
391 1630 515 1683 facit,
559 1640 605 1677 et
646 1641 840 1691 propter

132 1690 481 1737 dissonantiam
541 1699 728 1738 morum
793 1702 839 1738 te

133 1750 391 1808 pertrahit
379 1765 428 1796 ιιι
443 1752 732 1809 gehennam:
744 1752 832 1798 me

128 1810 221 1856 lius
241 1818 325 1863 est,
355 1818 469 1857 utet
487 1813 839 1870 propinquitate

128 1871 245 1927 ejus,
290 1879 337 1917 et
372 1872 704 1918 emolumentis
740 1887 839 1918 car-

127 1930 317 1978 nalibus
338 1930 499 1977 careas
521 1946 531 1976 :
554 1946 616 1977 ne
632 1933 747 1978 dum
770 1934 837 1978 vis

128 1990 401 2037 lucrifacere
428 1992 659 2049 cognatos
690 2001 736 2038 et
759 2006 837 2037 ne-

126 2050 373 2103 cessarios,
419 2064 612 2097 causam
660 2052 837 2098 habeas

124 2110 386 2157 ruinArum.
839 2161 840 2164 ,

180 2167 260 2240 1³7.
283 2167 489 2216 Michael
510 2167 836 2231 Archangelus

127 2230 258 2276 venit
279 2231 328 2275 in
351 2230 639 2289 adjutorium
657 2232 836 2289 populo

126 2290 236 2343 Dei,
259 2285 290 2311 ζ’
335 2290 473 2336 Stetit
509 2292 558 2335 in
608 2292 837 2337 auxilium

126 2363 216 2408 pro
267 2350 524 2395 animabus
560 2351 712 2408 justis,
765 2347 829 2409 ,ΥΤ

122 2410 266 2456 Stetit
302 2410 516 2467 Angelus
535 2410 673 2468 Juxta
703 2425 836 2457 aram

124 2470 306 2528 templi
335 2469 516 2515 habens
543 2471 837 2516 thuribulum

120 2530 351 2577 aureum
340 2543 389 2575 ιιι
402 2543 547 2575 manu
569 2529 838 2577 sua—Ste-

120 2590 192 2638 tit.
209 2621 225 2626 --
259 2587 431 2639 Gloria
469 2589 609 2635 Patri.
676 2590 831 2637 Stetit.

117 2645 417 2694 Benedicstio.
443 2650 526 2696 Ad
541 2649 831 2696 societatem.

353 2722 520 2770 Lecstio
543 2724 601 2768 ix.

277 2798 395 2845 ICO
425 2798 574 2851 vobis,
601 2799 716 2857 quia
741 2800 837 2844 Αιι-

306 2858 401 2917 geli
429 2858 595 2904 eorum
627 2860 675 2903 in
695 2860 838 2904 coelis

125 2932 319 2979 semper
353 2917 515 2965 vident
551 2917 719 2965 faciem
749 2920 839 2965 Pa-

913 409 996 454 tris
1039 409 1146 455 mei.
1166 424 1169 427 ·
1213 409 1370 468 Supra
1418 409 1623 463 dixerat,

913 478 1322 575 ἓιιιίιιηιιῗῐ.ἱ<ι)1ιῐιῐιιιιιξ5ἰ
1348 472 1623 588 ffisseiffqueit

914 587 1049 641 tates,
1117 597 1166 635 et
1231 590 1615 640 necessitudines.

912 662 1037 705 quae
1063 649 1340 694 scAndalum
1363 649 1516 695 facere
1537 650 1622 707 po-

912 716 1077 760 terant,
1095 723 1175 754 am
1177 709 1449 767 p·utAndas
1438 744 1449 754 .
1464 718 1622 754 auste-

912 768 1098 814 ritatem
1140 769 1301 827 itaque
1341 770 1613 820 sententiae.

909 828 1128 884 subjecto
1155 829 1409 887 praecepto
1439 829 1620 887 tempe-

909 895 993 937 rat.
1016 888 1209 933 dicens:
1233 889 1405 934 Videte
1424 902 1485 933 ne
1505 902 1620 934 con-

910 946 1132 1005 temnatis
1167 961 1315 992 unum
1344 962 1404 992 ex
1434 948 1619 1006 pusillis

909 1001 1022 1051 istis.
1079 1007 1171 1058 Sic,
1191 1007 1356 1065 inquit,
1376 1007 1619 1065 praecipio

908 1065 1215 1117 severitatem,
1245 1073 1296 1111 ut
1318 1067 1616 1112 commisceri

905 1126 1208 1172 clementiam
1240 1127 1471 1175 doceam:
1503 1127 1620 1185 quia

904 1186 1077 1243 Angeli
1106 1186 1272 1232 eorum
1307 1186 1353 1230 in
1385 1187 1528 1231 coelis
1552 1187 1617 1231 vi-

906 1244 1019 1290 dent
1041 1259 1228 1305 semper
1248 1246 1417 1291 faciem
1444 1246 1609 1295 Patris.

908 1305 1088 1364 Magna
1105 1306 1312 1364 dIgnitas
1329 1305 1607 1357 animatum,

906 1371 955 1409 ut
993 1374 1307 1424 unaquaeque
1341 1365 1517 1411 habeat
1554 1367 1616 1411 ab

904 1428 1009 1470 ortu
1061 1425 1317 1470 nativitatis
1358 1426 1406 1470 in
1456 1426 1617 1471 custo-

902 1483 1031 1530 diam
1061 1485 1132 1530 sui
1159 1485 1396 1543 Angelum
1429 1485 1618 1544 delega-

903 1544 1029 1589 tum.¹
1088 1545 1233 1589 Unde
1300 1544 1504 1602 legimus
1564 1546 1614 1589 in

902 1604 1195 1661 Apocalypsi
1230 1603 1616 1672 Joanni51An-

900 1663 1010 1720 gelo
1032 1663 1222 1721 Ephesi,
1251 1670 1298 1709 et
1326 1662 1614 1720 reliquarum

904 1722 1236 1773 Ecclesiamm,
1289 1722 1440 1768 scribe
1477 1722 1610 1768 haec.

900 1780 1161 1840 Apostolus
1176 1795 1370 1840 quoque
1386 1782 1614 1839 praecipit

902 1841 1042 1887 velari
1093 1842 1252 1900 capita
1305 1842 1355 1886 in
1406 1842 1612 1887 ecclesiis

900 1901 1213 1947 foeminarum
1239 1909 1434 1961 propter
1456 1903 1616 1960 Ange-

900 1962 985 2007 los.

959 2023 1033 2067 Te
1055 2022 1211 2068 Deum
1234 2022 1501 2068 laudamus.
1533 2036 1602 2078 17.

1090 2126 1168 2161 AD
1200 2126 1411 2163 LAUDES

1014 2183 1158 2233 etper
1176 2179 1345 2241 Horas,
1365 2181 1517 2228 Asiae.

961 2275 1001 2307 1.
1027 2260 1166 2307 Stetit
1192 2262 1403 2319 Angelus
1425 2265 1452 2288 ὕ
1477 2262 1613 2320 juxta

900 2322 1224 2379 aram‘templi,
1255 2323 1434 2366 habens
1464 2321 1613 2366 thuri-

899 2381 1065 2428 bulum
1077 2381 1274 2427 aureum
1288 2382 1336 2425 in
1350 2393 1495 2425 manu
1504 2393 1606 2425 sua.

902 2439 1133 2484 Psalmus.
1169 2441 1409 2487 Dominus
1445 2439 1612 2496 regna-

899 2501 978 2552 vit,
1020 2514 1130 2545 cum
1165 2498 1367 2557 reliquis.
1398 2501 1466 2543 18.

959 2574 1001 2605 2.
1047 2560 1176 2604 Dum
1225 2558 1533 2616 praeliaretur
1580 2553 1611 2580 ff

902 2619 1111 2665 Michael
1138 2618 1465 2676 Archdngelus
1498 2631 1609 2663 curn

900 2678 1122 2730 dracone,
1150 2678 1318 2724 audita
1336 2685 1407 2723 est
1428 2691 1519 2723 vox
1540 2678 1610 2723 di-

900 2738 1120 2790 centium.
1140 2738 1278 2783 Salus
1299 2738 1406 2783 Deo
1425 2746 1603 2790 nostro,

874 2828 880 2834 =
899 2798 1101 2844 alleluia.

960 2872 1002 2917 3.
1022 2856 1322 2916 Archangele
1337 2857 1559 2908 Michael,
1577 2855 1607 2884 ⁴*

900 2918 1125 2965 constitui
1140 2925 1186 2965 te
1200 2918 1460 2978 principem
1468 2931 1611 2977 super
