2050 3392
338 266 392 302 x.
682 249 983 302 Commune
1004 246 1423 317 Apostolorum.

392 369 631 429 Principes
641 369 926 429 populdrum
936 383 1044 414 con·

337 430 525 489 gregati
587 438 699 476 sunt
759 443 870 474 cum
936 429 1044 473 Deo

338 491 586 535 Abraham
614 504 624 534 :
648 489 674 514 ⁴*
707 489 933 546 qudniam
976 489 1042 533 dii

339 549 485 595 fortes
533 557 683 594 terrae
741 547 1046 594 vehementer

339 609 507 668 elevati
529 616 650 653 sunt.

390 656 511 701 Ana·
571 666 809 723 Principes
842 666 1045 723 populd-

338 740 444 771 rum
484 726 759 783 congregati
790 734 903 771 sunt
932 740 1045 772 cum

340 786 909 904 Βῗξηῖῗξῆἶῗᾎῗηοεᾱεειῑ
933 845 1047 890 hae—

338 902 592 949 reditatem
611 904 625 914 ”
664 904 939 951 timentibus
960 918 1046 951 no-

339 977 450 1009 men
472 971 622 1018 tuum,
651 963 871 1011 deine.

542 1047 756 1093 Psalmus
769 1045 828 1092 lx.

496 1142 769 1196 XAUDI,
798 1143 943 1195 Deus,
966 1143 1049 1191 de-

523 1202 796 1260 precatidne
818 1215 976 1247 meam
991 1217 1003 1248 ε
1019 1202 1048 1227 ⁴*

341 1258 534 1305 intende
556 1261 759 1306 oratidni
781 1274 932 1306 meae.

400 1319 445 1363 A
457 1319 629 1364 finibus
647 1327 797 1365 terrae
811 1321 876 1364 ad
891 1327 938 1364 te
952 1320 1049 1364 cla-

342 1378 467 1423 mAvi
496 1392 507 1423 ε
550 1378 578 1403 ⁴*
620 1380 736 1423 dum
777 1378 1049 1425 anxiaretur

341 1451 425 1482 cor
462 1451 640 1492 meum,
676 1439 724 1483 in
755 1446 891 1497 petra
921 1439 1049 1484 exal·

343 1496 452 1542 ta5ti
475 1511 565 1543 me.

402 1557 651 1603 Deduxisti
666 1571 756 1611 me,
764 1557 877 1615 quia
891 1556 1049 1603 faetus

342 1629 393 1661 es
414 1630 523 1674 spes
545 1631 652 1663 mea
675 1632 685 1663 ι
708 1616 736 1641 ⁴*
759 1618 896 1663 turris
917 1617 1050 1663 forti·

343 1675 521 1723 tudinis
541 1689 572 1723 a
591 1677 711 1723 fdcie
732 1676 918 1723 inimici.

406 1737 692 1783 Inhabitabo
705 1739 753 1782 in
770 1737 1049 1784 tabernAcu-

344 1796 394 1842 lo
415 1804 499 1842 tuo
520 1798 569 1842 in
589 1798 780 1842 saecula
807 1812 817 1843 :
842 1797 868 1822 ⁴*
891 1798 1048 1855 prdte-

342 1870 432 1913 gar
481 1857 529 1900 in
559 1857 828 1903 velamento
863 1856 1046 1902 alatum

345 1914 547 1961 tuarum.

401 1974 643 2028 Qudniam
659 1983 724 2028 tu,
748 1975 880 2020 Deus
892 1989 1041 2028 meus,

344 2033 578 2079 exaudisti
631 2034 895 2080 oratidnem
948 2048 1048 2079 me-

342 2105 423 2137 am
444 2106 454 2137 :
473 2091 500 2116 ⁴*
516 2093 687 2139 dedisti
703 2093 1045 2139 haereditatem

347 2151 620 2197 timentibus
641 2166 816 2197 nomen
838 2162 986 2198 tuum.

406 2210 521 2256 Dies
542 2224 684 2269 super
703 2213 805 2257 dies
821 2213 943 2270 regis
959 2213 1045 2258 ad·

341 2270 473 2330 jicies
499 2285 510 2316 ε
534 2269 561 2294 ⁴*
591 2285 744 2317 annos
775 2273 875 2329 ejus
893 2286 1045 2330 usque

343 2331 392 2376 in
414 2332 539 2376 diem
561 2332 875 2388 generatidnis
900 2340 948 2377 et
963 2346 1046 2389 ge-

342 2391 609 2437 neratidnis.

404 2451 654 2496 Permanet
667 2451 714 2495 in
730 2450 973 2500 aeternum
995 2451 1045 2495 in

342 2509 603 2567 conspeetu
646 2510 734 2554 Dei
763 2525 773 2555 :
808 2510 835 2534 *
866 2511 1044 2555 miseri-

342 2570 555 2616 cerdiam
591 2577 637 2614 et
670 2568 912 2615 veritatem
942 2571 1044 2628 ejus

344 2630 451 2687 quis
475 2629 678 2686 requiret
700 2630 721 2674 Ρ

400 2689 479 2733 Sic
511 2689 747 2746 psalmum
769 2689 926 2734 dicam
959 2689 1045 2736 ῐιό-

342 2747 458 2791 mini
521 2756 606 2793 tuo
678 2749 726 2792 in
798 2749 1041 2793 saeculum

339 2806 533 2850 saeculi:
558 2805 585 2829 *
615 2815 668 2852 ut
699 2808 899 2853 reddam
929 2817 1043 2854 vota

341 2875 450 2907 mae
472 2865 532 2908 de
553 2866 631 2909 die
653 2867 702 2910 in
724 2868 863 2912 diem.

1162 356 1280 400 Affa-
1333 367 1521 414 Dedisti
1551 368 1829 415 haeredita-

1113 436 1209 474 tem
1284 427 1561 473 timentibus
1641 442 1828 474 nomen

1114 496 1311 591 mfflfip
1349 501 1828 594 onmal-nfffxnnuntiave-

1112 613 1222 651 runt
1239 592 1264 617 ⁴⁶
1297 594 1447 664 <Spera
1479 607 1584 660 Dei,
1611 615 1660 653 et
1690 607 1829 654 fatsta

1112 666 1215 725 ejus
1235 666 1579 713 intellexerunt.

1285 746 1499 792 Psalmus
1516 746 1622 792 lxiii.

1264 845 1499 898 XAUDI,
1543 845 1689 899 Deus,
1716 859 1828 890 ora-

1293 904 1472 951 tidnem
1509 918 1670 949 meam
1711 918 1827 949 cum

1114 963 1377 1021 deprecor:
1401 962 1428 987 ⁴*
1470 978 1502 1009 a
1542 963 1713 1011 timbre
1751 964 1828 1008 in·

1114 1022 1240 1067 imici
1262 1023 1391 1080 eripe
1412 1022 1626 1068 auimam
1642 1037 1819 1069 meam.

1176 1082 1423 1128 Protexisti
1447 1096 1525 1127 me
1538 1097 1569 1127 a
1585 1082 1828 1128 conventu

1113 1140 1497 1200 malignimtium:
1516 1142 1544 1167 ⁴*
1559 1156 1591 1187 a
1608 1141 1828 1188 multitu·

1115 1201 1227 1246 dine
1267 1201 1569 1259 operamium
1601 1202 1827 1260 iniquita-

1118 1269 1228 1306 tem.

1175 1320 1303 1375 Quia
1333 1318 1625 1366 exacuerunt
1656 1328 1711 1366 ut
1722 1320 1826 1378 gla-

1116 1379 1248 1424 dium
1263 1381 1450 1438 linguas
1466 1394 1578 1425 suas
1597 1395 1608 1426 :
1628 1379 1656 1404 ¹*
1672 1381 1825 1426 inten-

1116 1439 1287 1484 derunt
1328 1453 1494 1485 arcum
1542 1453 1645 1484 rem
1693 1440 1825 1485 ama-

1116 1512 1218 1543 ram
1236 1507 1290 1544 ut
1309 1499 1540 1556 sagittent
1556 1499 1606 1543 in
1624 1498 1824 1545 occultis

1114 1557 1490 1604 immaculatum.

1174 1617 1346 1662 Subito
1361 1617 1662 1674 sagittabunt
1693 1631 1816 1670 eum,

1115 1684 1163 1722 et
1195 1690 1292 1722 non
1324 1677 1560 1724 timebunt
1583 1692 1594 1723 :
1619 1676 1648 1702 ⁴*
1668 1677 1823 1723 firma-

1113 1736 1280 1782 verunt
1319 1738 1409 1783 sibi
1440 1737 1715 1784 sermdnem
1745 1750 1824 1783 ne·

1115 1809 1273 1853 quam.

1175 1855 1499 1902 Narraverunt
1534 1864 1590 1902 ut
1621 1856 1824 1902 abscdn-

1115 1915 1280 1960 derent
1294 1915 1492 1972 iziqueos
1515 1930 1525 1961 z
1544 1914 1819 1962 *dixerunn

1114 1974 1234 2029 Quis
1256 1975 1433 2020 videbit
1450 1988 1534 2020 eos
1550 1975 1572 2020 Ρ

1172 2033 1380 2079 Scrutati
1438 2042 1550 2080 sunt
1601 2033 1824 2092 iniquita-

1116 2101 1204 2139 tes:
1225 2092 1252 2116 *
1265 2093 1542 2139 defecerunt
1555 2094 1822 2140 sci-mames

1113 2153 1352 2198 scrutinio.

1171 2212 1382 2257 Accedet
1404 2212 1553 2258 homo
1572 2213 1640 2258 ad
1656 2227 1739 2258 cor
1756 2212 1821 2257 al-

1114 2279 1216 2317 tum
1236 2286 1246 2317 :
1262 2270 1289 2295 ⁴*
1305 2280 1353 2317 et
1369 2271 1658 2317 exaltabitur
1671 2273 1815 2318 Deus.

1171 2331 1389 2389 Sagittae
1419 2331 1725 2389 parvuldrum
1754 2331 1822 2376 sa-

1111 2391 1219 2437 <stae
1245 2398 1356 2436 sunt
1378 2392 1550 2448 plagae
1569 2391 1738 2437 ebrum
1759 2405 1771 2436 ε
1791 2388 1821 2415 “

1113 2460 1161 2497 et
1202 2450 1468 2496 infirmatae
1511 2459 1624 2497 sunt
1655 2459 1820 2497 contra

1112 2524 1195 2555 eos
1216 2511 1406 2567 linguae
1427 2511 1606 2557 ebrum.

1171 2569 1458 2615 Conturbati
1511 2577 1623 2615 sunt
1654 2582 1818 2614 omnes

1112 2629 1193 2687 qui
1232 2629 1455 2675 videbant
1486 2643 1603 2675 eos:
1638 2627 1665 2652 ⁴*
1696 2638 1742 2674 et
1765 2628 1819 2673 ti-

1111 2689 1233 2735 muit
1255 2689 1409 2735 omnis
1432 2689 1591 2735 homo.

1173 2750 1235 2794 Et
1257 2747 1658 2794 annuntiaverunt
1675 2747 1817 2804 <Spera

1114 2808 1204 2854 Dei
1232 2823 1242 2853 :
1266 2807 1294 2832 ⁴*
1324 2816 1374 2853 et
1405 2807 1534 2853 faeta
1563 2808 1668 2867 ejus
1687 2806 1818 2852 intel·

1111 2867 1334 2913 lexerunt.
