2050 3392
527 235 613 289 De
636 234 811 290 Anno
836 239 892 290 et
911 235 1035 305 ejus
1046 236 1327 307 partibus.
1599 237 1669 291 ix.

203 367 388 426 ostendet
405 367 444 410 in
464 370 719 413 Kalendario
737 385 765 412 a
780 370 894 423 prin·
922 373 926 423 l
954 370 1161 413 minicalis
1179 373 1223 421 d,
1242 386 1465 423 annusque
1484 385 1672 413 commu·

200 429 311 468 cipio
337 420 430 461 anni
463 435 590 473 usque
624 423 682 464 ad
717 423 891 463 Festum
922 428 926 473 3
953 422 1020 464 nis
1039 435 1118 472 est,
1132 437 1229 465 cum
1247 423 1389 464 littera
1403 422 1581 474 simplex
1600 435 1671 464 oc-

199 467 241 509 S.
267 469 449 512 Mathiae
472 473 693 524 Apostoli:
721 472 894 515 inferior
922 488 926 523 ἢ
954 484 1106 515 currat.
1138 476 1303 515 Rursus
1330 473 1384 514 sit
1412 474 1670 525 investigan-

196 530 351 570 autem,
369 523 420 563 ab
438 523 513 565 hoc
533 524 659 566 Festo
680 538 818 576 usque
836 526 891 566 ad
922 528 925 561 ι’
953 527 1009 566 da
1055 525 1196 566 littera
1232 524 1513 566 Dominicalis
1556 538 1670 566 anno

194 569 319 612 finem
336 574 439 615 anni.
957 579 1069 623 1616:
1089 591 1263 617 numera
1282 577 1337 617 ab
1356 590 1468 616 anno
1491 580 1602 627 1582,
1618 585 1670 616 ut

221 622 434 681 ,Exempli
467 626 635 677 gratia:
675 627 740 668 Sit
777 625 892 667 inve·
953 627 1114 669 dictum
1141 637 1220 675 est,
1250 641 1386 679 usque
1417 628 1472 668 ad
1509 640 1669 668 annum

191 675 485 718 mendalittera
494 677 772 719 Dominicalis
781 692 892 718 anno
956 681 1069 726 1616,
1091 680 1309 720 redeundo
1335 680 1391 719 ad
1410 677 1666 730 principium

194 727 302 776 1587.
335 727 518 769 Numera
550 729 606 770 ab
642 743 755 770 anno
794 731 891 779 1582
952 729 1149 778 tabellae,
1181 739 1410 780 postquam
1445 744 1539 770 eam
1632 744 1668 770 r-

191 788 316 825 quem
333 778 464 819 tribue
486 779 646 830 primae
665 779 832 821 litterae
850 794 889 828 c,
920 798 923 831 ς
952 780 1146 828 curreris,
1167 780 1387 831 pervenies
1419 795 1472 821 ue
1489 782 1545 822 ad
1560 744 1668 822 <fucas

189 839 322 878 usque
362 831 416 870 ad
456 844 613 871 annum
661 834 773 890 ¹58⁷·
821 831 891 871 tri-
920 840 921 847 ¹
951 832 1078 873 hasce
1131 831 1292 872 litteras
1341 845 1366 872 c
1441 863 1451 879 ,
1488 831 1669 883 septimo

189 876 354 920 buendo
372 880 434 921 sin
494 881 544 927 lis
563 882 728 923 cellulis
747 881 890 933 singu-
919 852 925 949 i
951 883 1045 924 loco
1071 882 1240 934 positas.
1297 883 1375 923 Est
1401 897 1504 933 ergo
1530 897 1668 923 annus

188 927 249 970 los
275 945 404 972 annos
428 895 733 984 &mputando
759 932 890 984 gerni·
951 933 1019 975 ille
1076 933 1324 982 Bissextilis,
1361 947 1458 975 cum
1509 934 1667 984 duplex

188 992 262 1021 nas
281 981 435 1024 litteras
453 998 743 1035 quascumque
768 998 890 1036 supe-
919 1014 923 1029 .
952 985 1092 1025 littera
1141 994 1348 1033 occurrat,
1393 984 1669 1044 superiorque

188 1030 335 1073 riorem
361 1044 403 1074 et
429 1033 682 1083 inferiorem,
701 1049 778 1086 pro
805 1049 890 1077 una
920 1032 923 1089 l
951 1036 1092 1076 littera
1110 1049 1149 1084 c,
1170 1034 1441 1077 Dominicam
1468 1035 1582 1076 diem
1607 1050 1668 1076 m·

187 1083 352 1142 cellula)
376 1086 581 1137 mdetque
615 1100 755 1127 annus
793 1089 890 1137 1587
920 1096 923 1131 t
952 1086 1113 1128 dicabit
1138 1101 1165 1127 a
1191 1086 1397 1138 principio
1420 1086 1520 1139 anni
1540 1086 1667 1134 illius,

186 1145 228 1172 m
248 1134 423 1176 litteram
445 1138 488 1185 d,
507 1151 619 1188 quae
646 1148 815 1178 sextum
835 1138 892 1177 10-
953 1152 1088 1189 usque
1113 1139 1169 1179 ad
1198 1137 1350 1178 festum
1381 1138 1421 1179 S.
1456 1136 1666 1185 Mathiae,

186 1196 281 1225 cum
309 1185 349 1226 in
377 1188 531 1229 tabella
556 1199 750 1239 occupat.
811 1189 890 1230 Est
920 1200 923 1235 ζ
952 1188 1123 1230 inferior
1136 1199 1279 1229 autem
1292 1187 1564 1239 b,inreliqua
1575 1202 1670 1239 par·

186 1249 286 1287 ergo
302 1248 390 1279 toto
414 1253 465 1280 eo
491 1253 604 1281 anno
632 1239 774 1280 littera
801 1240 889 1280 Do·
919 1244 923 1287 ζ
953 1250 994 1281 te
1013 1239 1126 1281 anni.

126 1040 131 1095 l

124 1114 128 1159 l

123 1192 129 1375 i
187 1313 306 1357 Alia
338 1315 528 1360 Tabella
561 1316 867 1361 Litterarum
902 1316 1291 1361 Dominicalium
1320 1315 1379 1360 ab
1399 1330 1529 1360 anno
1553 1319 1671 1374 1833

363 1375 612 1427 inclusive,
643 1390 788 1434 usque
807 1377 875 1420 ad
893 1392 1080 1420 annum
1109 1391 1221 1434 1900
1240 1376 1488 1420 exclusive.

125 1420 130 1710 1
226 1481 248 1522 s

126 1713 129 1744 ι

321 1498 344 1524 e
425 1486 452 1526 d
531 1499 560 1576 g
626 1467 778 1609 A¹g
862 1486 884 1527 s
963 1465 1096 1578 g'c
1180 1486 1208 1526 b
1275 1513 1311 1550 Α
1395 1462 1672 1577 {leid}

1463 1572 1572 1601 1!

190 1574 1672 1776 fffsssssswffwww

240 1795 348 1837 Usus
360 1797 487 1847 hujus
503 1797 685 1838 tabellae
699 1797 795 1838 talis
810 1806 886 1838 est.
959 1797 1144 1838 litteram
1176 1796 1487 1839 Dominicalem
1524 1813 1672 1851 propo·

189 1844 304 1888 Anno
336 1850 431 1899 1833
458 1848 672 1889 tribuatur
701 1848 843 1889 littera
877 1847 900 1888 f
957 1847 1028 1889 siti
1047 1847 1159 1889 anni.
1194 1849 1317 1899 Quae
1334 1848 1370 1889 si
1388 1848 1515 1890 unica
1528 1863 1671 1891 occur-

189 1896 339 1947 primae
384 1899 575 1947 cellulae,
608 1906 652 1940 et
695 1898 891 1950 sequenti
956 1899 1073 1948 rerit,
1092 1913 1230 1941 annus
1256 1899 1335 1940 erit
1353 1901 1586 1942 communis
1605 1916 1616 1948 ;
1635 1901 1670 1942 si

190 1961 291 1991 anno
308 1953 404 2001 1834
422 1950 562 1991 littera
579 1964 619 1999 e,
633 1960 677 1991 et
695 1949 756 1991 sic
774 1949 892 1991 dein-
955 1964 1057 1992 vero
1076 1950 1554 2002 duplex‚Bissextilis,et
1570 1962 1672 1993 tunc

192 2011 235 2039 ce
262 2001 470 2042 soeeteris
481 2000 604 2042 annis
616 2000 764 2042 ordine
782 2000 891 2042 aliae
955 2001 1148 2054 superior
1210 2002 1351 2043 littera
1403 2003 1671 2045 Dominicam

191 2051 356 2093 celulae
386 2052 640 2100 tribuantur,
670 2053 805 2094 donec
835 2053 892 2093 ad
955 2053 1071 2094 diem
1097 2052 1303 2094 indicabit
1335 2052 1379 2093 in
1411 2053 1672 2095 Kalendario

192 2113 337 2143 annum
364 2102 627 2154 propositum
655 2102 889 2161 pervenias,
923 2126 926 2146 l
955 2118 982 2145 a
1005 2103 1213 2155 principio
1239 2103 1354 2150 anni,
1375 2117 1509 2155 usque
1534 2107 1588 2145 ad
1615 2105 1673 2145 fe-

194 2154 397 2195 redeundo
414 2155 469 2195 ad
489 2153 744 2206 principium
763 2154 893 2195 tabel·
923 2151 926 2220 1
956 2163 1070 2196 stum
1115 2155 1157 2197 S.
1210 2155 1404 2196 Mathiae
1461 2154 1670 2207 Apostoli,

194 2203 268 2252 lae,
291 2204 640 2256 quotiescumque
678 2218 771 2246 eam
801 2219 894 2256 per·
924 2229 925 2236 κ
957 2205 1130 2247 inferior
1163 2216 1322 2254 autem,
1358 2206 1413 2246 ab
1449 2206 1529 2248 hoc
1565 2206 1672 2247 festo

195 2255 381 2297 curreris:
403 2257 520 2297 Nam
535 2255 751 2303 cellula,in
765 2269 893 2307 quam
923 2251 925 2296 ἶ
957 2271 1093 2308 usque
1111 2258 1166 2299 ad
1186 2256 1312 2298 finem
1331 2256 1443 2298 anni.

197 2319 319 2348 annus
348 2306 588 2359 propositus
624 2305 755 2355 cadit,
775 2306 894 2348 dabit
922 2323 923 2342 1

700 2443 771 2477 DE
804 2443 1135 2482 INDICTIONE.

259 2508 440 2552 NDICT
444 2510 507 2551 10
527 2517 595 2551 est
622 2508 829 2550 revolutio
851 2523 895 2560 15
922 2517 926 2575 l
958 2510 1002 2552 in
1038 2510 1357 2571 Diplomatibus
1384 2518 1428 2551 et
1454 2509 1672 2561 scripturis

201 2521 234 2612 I
280 2575 474 2603 annorum
492 2561 583 2602 ab1
601 2574 739 2610 usque
758 2561 812 2600 ad
835 2575 894 2610 15,
924 2579 927 2610 l
958 2562 1154 2613 publica,
1189 2561 1312 2603 facile
1353 2574 1512 2602 annum
1559 2561 1675 2602 Indi·

206 2624 281 2662 qua
312 2612 566 2653 revolutione
602 2610 794 2662 peraeta,
823 2610 897 2652 ite·
925 2615 928 2664 ᾗ
959 2611 1674 2662 &ioniscurrentemquolibetanno

207 2675 291 2704 rum
314 2663 464 2705 reditur
489 2664 546 2704 ad
575 2661 803 2709 unitatem,
823 2662 898 2702 ini·
925 2672 928 2698 t
959 2664 1176 2715 proposito
1211 2662 1479 2704 inveniemus
1514 2677 1565 2702 ex
1610 2677 1673 2703 se-

212 2713 380 2766 tiumque
400 2714 527 2755 sumit
551 2711 748 2770 quilibet⁸
765 2726 898 2753 annus
926 2717 930 2774 ξ
960 2715 1108 2765 quenti
1128 2714 1300 2761 tabella,
1320 2713 1443 2763 cujus
1463 2726 1563 2753 usus
1582 2727 1673 2763 per-

212 2765 325 2815 hujus
341 2765 441 2817 cycli
457 2779 484 2805 a
502 2765 719 2816 Januano
738 2775 781 2802 m
802 2763 898 2804 Bul·
928 2779 929 2800 ι
960 2775 1114 2815 petuus
1139 2776 1228 2806 est:
1254 2763 1423 2805 initium
1447 2771 1587 2821 tarnen
1606 2778 1675 2804 su·

212 2815 257 2856 lis
297 2815 522 2858 Pontificiis.
595 2814 657 2855 Et
702 2813 899 2864 quoniam
928 2813 929 2832 ³
962 2815 1037 2856 mit
1056 2817 1110 2857 ab
1129 2829 1241 2857 anno
1268 2813 1538 2856 correctionis
1561 2817 1669 2863 1582.

218 2866 470 2909 lndifflonum
494 2867 700 2917 frequens
720 2877 821 2904 usus
839 2874 900 2905 est
928 2875 929 2892 ἒ
