2050 3392
359 269 431 324 vi.
700 269 790 324 De
812 268 988 323 Anno
1011 272 1068 322 et
1087 267 1210 338 ejus
1221 265 1506 338 partibus.

406 417 588 453 MODUS
623 416 808 453 BREvls
841 415 1218 453 COGNOSCENDI
1251 414 1484 451 AUREUM
1517 413 1802 451 NUMERUM

869 476 1142 522 CUJUSQUE
1175 474 1330 512 ANNI.

469 539 697 582 UMERO
740 537 842 580 anni
885 540 940 580 de
985 552 1072 589 quo

495 592 680 641 quaeris,
735 591 847 631 adde
901 589 1072 631 unicam

360 640 569 683 unitatem
607 657 640 682 1.
666 640 863 691 Exempli
899 641 1072 690 gratia:

360 707 471 734 anno
502 695 613 743 1833,
642 693 754 733 adde
792 707 809 732 1
835 704 1075 733 :summam

1136 537 1236 579 inde
1264 537 1488 579 conflatam
1515 535 1661 579 divide
1688 551 1766 589 per
1787 553 1851 589 19,

1136 590 1252 640 quod
1271 597 1476 640 superest,
1493 587 1573 629 erit
1587 589 1759 630 Aureus
1777 603 1854 630 nu—

1138 655 1279 681 merus
1297 639 1429 691 ipsius
1447 639 1546 680 anni
1566 653 1575 681 :
1595 639 1629 680 si
1650 639 1757 680 nihil
1784 654 1854 681 su-

1139 690 1376 743 perest,erit
1395 692 1559 731 Aureus
1571 705 1774 732 numerus
1790 707 1848 742 19,

696 833 769 868 DE
802 832 1040 878 EPACTIS,
1081 834 1151 868 ET
1182 831 1513 868 NOVILUNIIS.

362 897 439 987 F
457 894 654 937 PACTA
688 895 792 937 nihil
829 895 948 938 aliud
991 905 1072 945 est,

414 969 446 988 Α
490 960 621 997 quam
651 961 853 989 numerus
889 947 1073 996 dierum,

360 996 517 1048 quibus
544 1011 680 1039 annus
701 998 861 1040 Solaris
888 1012 1075 1040 commu-

361 1048 427 1089 nis
463 1048 627 1090 dierum
661 1051 749 1100 365,
777 1064 936 1091 annum
963 1064 1075 1091 com·

362 1113 534 1140 munem
567 1101 780 1142 Lunarem
807 1100 972 1142 dierum
1001 1115 1075 1160 3⁵4

360 1160 534 1202 superat
557 1165 567 1192 ε
595 1151 657 1192 ita
684 1162 732 1193 ut
759 1152 925 1202 Epac'ta
950 1166 1075 1203 primi

361 1201 462 1242 anni
489 1201 545 1242 sit
577 1218 638 1251 11,
667 1217 765 1244 cum
792 1203 872 1244 hoc
899 1216 1075 1244 nurnero

361 1267 498 1294 annus
513 1253 670 1294 Solaris
685 1252 919 1296 communis
935 1255 1076 1295 Luna-

361 1318 451 1345 rem
477 1318 636 1345 annum
663 1319 928 1346 communem
955 1320 1076 1347 exce-

363 1357 454 1402 dat:
472 1365 603 1407 atque
622 1357 732 1397 adeo
749 1356 944 1408 sequenti
962 1370 1075 1397 anno

365 1407 601 1448 Novilunia
631 1407 879 1458 contingant
913 1423 957 1448 11
988 1407 1076 1448 die-

361 1459 442 1499 bus
470 1457 600 1509 prius,
629 1472 760 1510 quam
785 1472 896 1499 anno
924 1457 1070 1510 primo.

364 1510 432 1549 Ex
451 1522 545 1568 ,quo
572 1509 634 1557 fit,
665 1510 873 1561 Epafflm
900 1509 1076 1551 secundi

361 1574 463 1601 anm
499 1574 593 1601 esse
637 1575 701 1609 22,
738 1574 834 1602 cum
870 1574 921 1601 eo
964 1575 1076 1601 anno

363 1624 530 1652 rursum
565 1625 704 1652 annus
741 1610 898 1652 Solaris
936 1612 1077 1653 Luna-

364 1676 454 1704 rem
471 1676 632 1704 annum
650 1672 820 1714 superet
842 1678 885 1704 11
907 1662 1075 1712 diebus,

362 1714 436 1765 qui
473 1714 609 1755 additi
644 1716 702 1755 ad
741 1729 784 1755 11
822 1714 915 1756 dies
952 1714 1076 1766 primi

361 1764 478 1814 anni,
499 1764 686 1807 efficiunt
714 1780 778 1814 22,
806 1779 857 1807 ac
883 1765 1076 1817 proinde,

365 1815 484 1857 finito
534 1816 614 1857 hoc
665 1830 793 1865 anno,
842 1817 1078 1859 Novilunia

362 1866 611 1917 contingere
655 1882 703 1908 22
747 1867 900 1909 diebus
945 1868 1077 1920 prius.

363 1931 493 1969 quam
530 1917 665 1977 primo
696 1932 835 1977 anuo:
869 1919 1079 1971 Epatitam

363 1978 510 2010 autem
537 1978 651 2009 tertu
676 1983 778 2009 anm
805 1984 898 2011 esse
917 1985 955 2022 3,
977 1971 1080 2022 quia

363 2020 397 2061 si
426 2033 571 2060 rursus
601 2035 644 2060 11
683 2019 774 2062 dies
805 2022 861 2062 ad
897 2037 945 2063 22
971 2022 1080 2074 adji-

364 2070 546 2119 ciantur,
565 2071 772 2130 efficietur
794 2086 994 2114 numerus
1014 2089 1079 2125 33:

364 2138 391 2164 a
419 2136 505 2182 quo
541 2136 576 2163 st
613 2122 860 2173 rejiciantur
888 2139 936 2175 30
970 2125 1077 2174 dies,

365 2188 440 2233 qui
461 2187 590 2215 unam
611 2174 894 2216 Lunationem
923 2176 1081 2217 Embo-

366 2226 574 2266 11smalem
625 2226 905 2275 constituunt,
957 2227 1080 2269 relin-

364 2288 550 2329 quentur
569 2292 606 2327 3,
626 2287 757 2328 atque
784 2277 844 2318 ita
862 2277 1074 2330 deinceps.

367 2328 707 2379 Progrediuntur
740 2329 854 2370 enim
889 2330 1080 2381 Epatstae

1138 909 1286 937 omnes
1299 909 1375 946 per
1388 893 1635 936 continuum
1648 906 1856 945 augmen-

1139 955 1231 988 tum
1253 962 1296 987 11
1317 945 1494 987 dierum.
1510 943 1691 995 abjectis
1710 954 1855 986 tamen

1140 1013 1190 1048 30
1206 998 1378 1048 quando
1397 995 1515 1047 rejici
1534 1005 1723 1046 possunt.
1781 997 1857 1038 So-

1140 1049 1227 1089 lurn
1245 1048 1418 1099 quando
1436 1056 1689 1098 perventum
1704 1046 1783 1088 erit
1798 1049 1855 1089 ad

1112 1111 1116 1116 ’
1139 1099 1333 1141 ultimam
1371 1098 1580 1150 EpaCtam
1605 1099 1752 1140 Aureo
1779 1113 1857 1140 nu-

1140 1165 1256 1191 mero
1291 1165 1337 1202 19
1364 1152 1708 1201 respondentem,
1742 1163 1856 1200 quae

1139 1212 1204 1242 est
1237 1216 1300 1253 29,
1320 1202 1538 1243 adduntur
1573 1216 1636 1249 12,
1656 1211 1706 1242 ut
1740 1201 1859 1252 abje-

1140 1252 1220 1293 <ftis
1249 1267 1312 1303 30,
1332 1267 1384 1294 ex
1412 1251 1650 1303 composito
1679 1266 1857 1293 numero

1140 1319 1205 1355 41,
1222 1303 1429 1344 habeatur
1447 1317 1592 1344 rursus
1609 1303 1776 1354 Epad'ta
1793 1319 1856 1351 11,

1141 1364 1188 1395 ut
1208 1354 1250 1394 in
1271 1354 1488 1406 principio.
1522 1355 1650 1405 Quod
1675 1353 1774 1395 ideo
1792 1354 1857 1401 fit,

1140 1415 1189 1446 ut
1224 1405 1375 1446 ultima
1421 1405 1605 1447 Lunatio
1648 1405 1861 1446 Embolis-

1141 1457 1266 1506 mica,
1286 1467 1482 1498 currente
1508 1458 1653 1497 Aureo
1680 1470 1860 1497 numero

1143 1523 1205 1560 19.
1222 1507 1277 1549 sit
1305 1518 1470 1549 tantum
1498 1521 1546 1560 29
1574 1507 1751 1548 dierum.
1812 1508 1858 1548 Si

1142 1560 1255 1600 enim
1302 1574 1351 1611 30
1394 1559 1485 1600 dies
1520 1558 1771 1606 contineret,
1809 1570 1859 1599 ut

1142 1610 1253 1652 aliae
1288 1625 1364 1652 sex
1402 1609 1663 1651 Lunationes
1702 1609 1860 1650 Embo-

1143 1661 1347 1711 lismicae,
1379 1675 1463 1703 non
1499 1662 1687 1703 redirent
1724 1661 1861 1703 Novi-

1144 1714 1261 1755 lunia
1279 1724 1376 1766 post
1398 1728 1443 1765 19
1460 1727 1594 1754 annos
1615 1713 1783 1754 Solares
1802 1715 1859 1754 ad

1143 1767 1316 1807 eosdem
1330 1764 1436 1813 dies,
1447 1766 1523 1806 sed
1536 1778 1684 1805 versus
1697 1764 1860 1805 calcem

1145 1817 1354 1858 mensium
1389 1815 1724 1868 prolaberentur,
1761 1829 1863 1856 eon-

1144 1867 1442 1919 tingerentque
1468 1880 1554 1907 uno
1587 1865 1660 1908 die
1696 1866 1863 1907 tardius

1144 1933 1275 1970 quam
1294 1929 1394 1959 ante
1416 1932 1461 1969 19
1481 1930 1627 1958 annos.
1688 1918 1759 1958 De
1773 1932 1863 1970 qua

1145 1985 1190 2011 re
1202 1971 1325 2021 plura
1336 1969 1525 2009 invenies
1539 1968 1581 2009 in
1598 1968 1707 2009 libro
1725 1983 1863 2010 novae

1146 2021 1321 2062 rationis
1338 2018 1589 2061 restituendi
1611 2020 1863 2062 Kalendarii

1148 2071 1342 2113 Romani.
1383 2072 1492 2113 Sunt
1518 2080 1664 2111 autem
1692 2085 1864 2113 novem·

1111 2157 1114 2174 ,
1146 2123 1286 2165 decim
1298 2123 1511 2183 ‘Epaetae
1562 2131 1637 2163 uot
1664 2132 1710 2163 et
1731 2123 1863 2164 Aurei

1147 2189 1325 2223 numeri,
1342 2174 1551 2224 responde
1581 2173 1772 2224 autquei
1826 2173 1865 2215 is

1145 2226 1300 2267 Aureis
1344 2224 1530 2266 numeris
1565 2235 1667 2265 ante
1707 2226 1777 2267 Ka
1793 2240 1866 2267 en-

1143 2277 1255 2319 darii
1268 2276 1571 2320 correetionem
1579 2289 1632 2317 eo
1641 2278 1770 2318 modo
1779 2291 1865 2328 quo

1145 2328 1190 2369 in
1210 2329 1289 2371 hac
1314 2328 1473 2371 tabella
1491 2327 1727 2379 dispositae
1746 2336 1859 2370 sunt.

434 2401 630 2446 Tabella
653 2402 951 2461 Epac‘tarum
978 2403 1359 2463 respondentium
1381 2400 1566 2445 Aureis
1586 2400 1806 2445 numeris

709 2465 824 2506 ante
844 2463 902 2506 K
896 2464 1150 2508 alendarii
1169 2463 1512 2507 comestionem.

382 2548 482 2586 Aur.
514 2537 626 2587 nil—ni.
694 2563 726 2587 1.
842 2562 876 2586 2.
996 2562 1029 2607 3.

408 2597 609 2647 Epatfftae.
682 2598 736 2638 xi.
812 2596 910 2639 xxii.
982 2597 1040 2639 iii.

372 2686 448 2731 ’.9.
502 2688 558 2712 10.
603 2687 660 2731 1⁶1.
734 2687 791 2731 ¹2·
886 2686 954 2732 13...
1010 2687 1067 2731 {4-

372 2736 459 2778 l,¹x'
496 2737 563 2761 ΧΧ.
618 2736 642 2762 l.
722 2736 791 2762 ΧΠ.
854 2736 967 2762 xxm.
1012 2737 1065 2763 iv·

421 2802 535 2852 Quia
567 2815 669 2841 vero
701 2803 847 2853 cyclus
879 2803 1087 2843 decenno-

370 2852 563 2894 vennalis
590 2853 724 2894 Aurei
751 2852 915 2894 numeri
935 2853 1087 2904 imper-

1124 2598 1207 2638 xiv.

1154 2563 1189 2598 4·
1300 2559 1334 2595 5·
1458 2547 1493 2603 6.·
1613 2558 1660 2603 75.
1759 2547 1833 2604 ε’...

1270 2610 1365 2637 XXV.
1447 2609 1499 2635 Vl..
1576 2608 1674 2634 xvu.
1703 2608 1847 2635 xxvnl.
1861 2635 1862 2642 ἵ

1140 2685 1197 2720 15.
1293 2673 1358 2731 16..
1445 2685 1502 2729 17.
1597 2672 1655 2710 18.
1754 2685 1811 2730 19.
1861 2691 1864 2710 ι

1133 2736 1199 2762 xv.

1261 2736 1372 2762 xxvi.
1436 2720 1504 2761 vii.
1567 2720 1682 2761 xviii.
1721 2736 1833 2762 xxix.
1861 2721 1866 2779 Σ

1159 2817 1204 2853 19
1222 2816 1356 2843 annos
1378 2802 1545 2843 Solares
1568 2815 1652 2842 non
1672 2802 1865 2853 praecise

1154 2854 1209 2894 ad
1237 2855 1387 2895 eadem
1407 2854 1498 2893 loca
1517 2853 1712 2901 redeant,
1736 2864 1783 2894 ut
1803 2854 1865 2895 di-

372 2903 510 2944 fec‘his
526 2911 605 2951 est,
623 2916 719 2943 cum
739 2904 973 2945 Novilunia
990 2915 1087 2956 post
1119 2939 1122 2942 ,
1154 2905 1269 2945 <stum
1297 2914 1376 2954 est,
1417 2903 1689 2955 imperfectus
1734 2905 1865 2946 etiam
