2050 3392
502 272 810 327 Domint‘ca
832 271 1038 343 quinta
1065 273 1415 329 Novembris.-

1612 283 1720 346 295'

227 406 458 452 dixerunt
472 406 538 450 ad
553 418 691 451 eum:
713 406 844 461 Quid
856 407 948 452 hoc
1013 408 1146 452 Deus
1176 407 1312 452 vdbis
1333 407 1382 452 in
1405 414 1586 463 testem,
1618 409 1719 455 136-

229 467 425 512 secisti?
452 463 799 522 (cognoverunt
822 468 947 512 enim
1013 467 1170 512 minus
1214 468 1276 511 de
1324 468 1504 525 templo
1546 468 1715 514 sane‘to

228 527 322 571 viri
344 526 479 582 quod
499 538 531 570 a
550 525 672 570 facie
701 526 797 569 Dfii
818 525 949 583 fuge·
1013 540 1115 571 suo.
1170 526 1299 582 Quia
1330 541 1440 572 ecce
1477 528 1715 574 deinus

231 593 325 636 ret,
361 585 474 642 quia
512 584 802 630 indicaverat
840 584 946 641 eis.)

236 645 303 689 Et
325 644 545 689 dixerunt
567 645 630 689 ad
651 658 787 690 eum:
819 645 947 699 Quid

232 704 471 749 faciemus
511 704 609 756 tibi,
656 711 703 748 et
743 704 947 750 cessabit

232 778 371 809 mare
403 776 434 807 a
464 763 638 807 nobis?
676 764 790 819 quia
819 777 950 809 mare

232 825 352 875 ibat,
381 830 429 867 et
459 822 818 868 intumescebat.
887 824 948 868 Et

232 884 361 928 dixit
383 883 446 927 ad
462 895 576 927 eos:
598 881 772 927 T6llite
788 897 879 934 me,
901 891 948 927 et

233 943 419 987 mittite
439 943 487 986 in
509 955 653 994 mare,
676 950 723 986 et
744 942 948 987 cessabit

233 1016 375 1047 mare
410 1015 441 1045 a
477 1002 645 1047 vobis:
680 1002 780 1046 scio
821 1002 948 1046 enim

231 1076 333 1120 ego
377 1060 605 1119 qudniam
642 1068 838 1118 propter
871 1075 949 1107 me

233 1121 503 1179 tempestas
520 1122 639 1165 haec
657 1121 855 1178 grandis
874 1135 950 1168 ve-

233 1183 309 1227 nit
331 1194 480 1239 super
497 1193 594 1225 vos.

508 1276 687 1284 ———-

453 1337 754 1387 SABBATO

246 1416 364 1454 ante
388 1408 689 1452 Dominicam
714 1408 928 1465 quintam

444 1468 743 1513 Novembris.

295 1544 374 1588 Ad
399 1544 691 1601 Magnificat,
712 1544 943 1601 Antipho—

227 1617 306 1649 na.
360 1606 516 1665 Super
561 1618 724 1652 muros
771 1612 881 1652 tuos
916 1603 942 1627 '⁶

228 1665 503 1732 Jerusalem
536 1666 759 1713 constitui
792 1665 950 1712 custd-

234 1729 326 1773 des
349 1742 359 1771 :
383 1735 487 1773 tota
508 1727 588 1771 die
616 1735 660 1773 et
684 1727 827 1772 notste
850 1741 945 1771 non

235 1787 470 1834 tacebunt
526 1786 720 1833 laudate
773 1800 948 1832 nomen

236 1846 455 1893 deini.

374 2002 728 2050 DOMINICA
748 2002 807 2049 V.

442 2075 739 2122 Novembris.

315 2152 369 2196 In
405 2154 562 2209 primo
601 2154 861 2197 Νωόῖυϊηο,

240 2225 418 2286 Incipit
430 2224 679 2272 Michaeas
690 2224 943 2284 Propheta.

311 2300 484 2346 Letffio
507 2302 535 2345 i.
689 2301 803 2358 Cap.
834 2315 873 2346 1.

309 2391 311 2393 v
351 2397 382 2427 4
440 2427 443 2428 ⁷
486 2372 719 2416 1·:RBUM
735 2372 943 2426 deini,

337 2429 391 2454 ³
512 2433 640 2488 quod
668 2431 847 2477 smum
878 2440 948 2477 est

315 2509 321 2530 ι
345 2489 377 2507 ’‘²‘'
442 2536 444 2539 ,
510 2493 570 2537 ad
594 2492 814 2536 Michaea
842 2493 952 2536 Mo-

510 2550 751 2602 rasthiten,
775 2552 822 2596 in
852 2552 951 2596 die-

243 2611 756 2670 bt1>÷j='›;1tlxz1n,Achaz,
774 2619 821 2656 et
836 2612 950 2655 Eze-

242 2672 392 2721 chiae,
430 2682 596 2727 regum
622 2670 785 2731 Juda:
817 2673 948 2728 quod

243 2729 359 2775 vidit
403 2742 547 2786 super
585 2729 865 2782 Samariam,
901 2739 947 2775 et

235 2787 517 2852 Jerusalem.
578 2789 754 2834 Audite

785 2791 948 2848 pdpuli

1010 586 1281 643 egredietur
1303 588 1364 631 de
1388 587 1497 632 loco
1526 600 1640 632 suo:
1667 596 1720 633 et

1010 645 1279 698 descendet,
1307 654 1354 691 et
1397 646 1598 692 calcabit
1639 660 1718 692 su-

1012 718 1094 762 per
1113 705 1298 750 excelsa
1319 715 1483 751 terrae.

1073 766 1146 823 RJ.
1186 765 1297 809 Vidi
1341 765 1602 811 deinum
1643 780 1717 812 se-

1012 824 1203 869 dentem
1220 839 1360 883 super
1376 826 1547 871 sdlium
1563 827 1714 871 excel-

1012 898 1117 928 sum
1138 892 1184 929 et
1206 884 1439 930 elevatum
1461 900 1471 929 ε
1504 893 1551 930 et
1572 886 1715 943 plena

1012 951 1112 988 erat
1135 944 1290 988 omnis
1318 951 1441 989 terra
1467 944 1714 1002 majestate

1012 1004 1114 1060 eju’s
1133 1016 1144 1047 :
1171 1002 1194 1023 Ῥ
1217 1003 1279 1047 Et
1295 1017 1352 1047 ea
1368 1016 1492 1059 quae
1508 1005 1595 1049 sub
1609 1005 1715 1062 ipso

1011 1069 1158 1114 erant,
1185 1061 1430 1119 replebant
1462 1064 1708 1121 templum.

1012 1117 1075 1178 ΧΓ.
1093 1121 1340 1179 Seraphim
1363 1122 1552 1166 stabant
1572 1136 1714 1180 super

1012 1182 1157 1227 illud:
1187 1195 1269 1226 sex
1299 1181 1403 1226 alae
1433 1181 1529 1234 uni,
1553 1190 1602 1228 et
1631 1196 1716 1229 sex

1012 1242 1116 1287 alae
1134 1240 1410 1287 altem—Et
1429 1254 1501 1288 ω..

1248 1334 1412 1383 Letstio
1435 1337 1477 1382 ii.

1015 1415 1205 1583 ῌΤ
1225 1418 1564 1466 consumentur
1579 1434 1716 1466 mon-
1784 1412 1785 1418 ¹

1189 1488 1260 1525 tes
1295 1481 1464 1526 subtus
1494 1495 1602 1526 eum
1626 1494 1636 1526 ε
1665 1488 1715 1526 et

1012 1552 1071 1583 va
1087 1539 1152 1584 les
1174 1540 1446 1585 scindentur
1466 1541 1585 1585 sicut
1606 1553 1715 1585 cera

1009 1612 1039 1642 a
1057 1598 1176 1643 facie
1192 1598 1328 1654 ignis,
1342 1607 1387 1643 et
1403 1601 1522 1645 sicut
1539 1613 1706 1656 aquae.

1010 1670 1133 1714 quae
1146 1656 1400 1703 decurrunt
1411 1658 1458 1703 in
1466 1672 1708 1716 praeceps,
1786 1678 1788 1684 >

1014 1717 1068 1760 In
1130 1715 1305 1761 scelere
1358 1718 1514 1779 Jacob
1573 1732 1716 1762 omne

1011 1777 1152 1830 istud,
1176 1784 1222 1822 et
1246 1778 1294 1821 in
1315 1777 1521 1834 peccatis
1541 1778 1714 1821 domus

1013 1837 1174 1883 Israel.
1210 1836 1355 1892 Quod
1372 1836 1716 1898 scelusJacob?

1010 1911 1170 1950 nonne
1208 1895 1464 1941 Samaria?
1503 1905 1549 1941 et
1590 1909 1713 1952 quae

1009 1956 1394 2018 exceisaJudae?
1413 1954 1713 2017 nonneJeru-

1012 2017 1156 2061 salem
1166 2017 1188 2060 Ρ
1197 2024 1244 2061 et
1258 2029 1436 2073 ponam
1445 2015 1711 2060 Samariam

1011 2076 1149 2132 quasi
1176 2075 1393 2120 acervum
1423 2075 1635 2133 lapidum
1664 2077 1713 2121 in

1010 2149 1127 2192 agro
1146 2149 1258 2180 cum
1279 2134 1681 2193 plantatur'vfnea
1700 2149 1710 2181 ε

1010 2203 1057 2240 et
1080 2195 1327 2240 detraham
1343 2196 1391 2240 in
1408 2195 1575 2240 vallem
1595 2195 1712 2252 hfipi-

1011 2256 1097 2299 des
1143 2255 1256 2312 ejus.
1303 2262 1352 2302 et
1402 2255 1716 2300 fundamenta

1010 2315 1113 2372 ejus
1131 2314 1364 2360 revelabo.

1070 2375 1140 2431 W·
1187 2375 1362 2430 Aspice
1407 2373 1614 2418 deine
1652 2373 1715 2435 ᾁθ

1010 2433 1122 2478 sede
1152 2432 1320 2477 samsta
1349 2440 1446 2483 tua,
1476 2440 1523 2477 et
1554 2430 1714 2488 edgita

1011 2494 1072 2537 de
1112 2493 1251 2537 nobis
1289 2506 1300 2537 :
1360 2491 1534 2536 inclina
1583 2491 1714 2534 Deus

1011 2566 1146 2598 meus
1186 2564 1351 2597 aurem
1382 2559 1526 2603 tuam,
1552 2557 1600 2595 et
1630 2563 1717 2594 au-

1011 2613 1059 2656 di
1084 2626 1094 2656 :
1118 2611 1144 2635 *³
1165 2611 1308 2668 Aperi
1330 2610 1495 2655 &culos
1516 2617 1637 2661 tuos,
1663 2616 1712 2656 et

1011 2667 1710 2717 videtribulatidnemnostram.

1010 2729 1071 2788 ΧΤ.
1101 2729 1196 2784 Qui
1225 2728 1350 2785 regis
1380 2727 1534 2779 Israe'l,
1561 2728 1714 2773 inten-

1012 2791 1089 2841 de,
1108 2789 1189 2846 qui
1211 2787 1408 2832 deducis
1428 2788 1552 2832 velut
1572 2801 1711 2833 ovem

244 2860 424 2898 omnes.
442 2855 491 2893 et
512 2846 731 2893 attendat
745 2857 879 2901 terra,
901 2858 947 2895 et
1004 2846 1714 2912 Joseph.—Aperi6culostuos‚

245 2907 502 2966 plenitudo.
512 2908 641 2967 ejus:
666 2915 713 2954 et
732 2909 793 2955 sit
815 2911 950 2971 Dijus
1013 2916 1063 2955 et
1082 2909 1204 2955 vide.
1716 2934 1721 2939 ·
