2050 3392
428 219 695 226 *W*-7
748 221 821 226 -..7

505 273 803 326 Orationes
821 276 953 342 post
972 274 1236 327 Missam.

1421 278 1615 333 cccxli.

123 410 350 454 mentum
387 406 668 452 suavitatis:
707 414 768 458 te.
798 408 847 452 in
914 407 998 460 rsa,
1013 422 1140 466 quae
1161 408 1388 455 Creator&
1406 409 1624 457 omnium

127 481 277 525 quem
340 465 611 511 desiderant
673 466 844 523 Angeli

127 526 415 585 prospicere,
442 539 631 583 semper
651 525 840 578 esuriat,

70 611 71 618 κ
128 595 177 632 et
214 586 438 631 comedat
475 599 559 631 cor
596 599 770 637 meum,
798 593 845 630 et

127 646 384 691 dulcedine
405 646 590 704 saporis
612 645 680 690 tui
697 645 844 703 reple-

70 727 71 758 i
125 706 273 751 antur
288 705 469 750 viscera
483 705 673 750 Animae
689 718 842 749 meae:

127 772 178 810 te
204 778 394 821 semper
417 764 545 810 sitiat
570 764 752 809 fontem
779 764 842 808 vi-

129 831 225 874 tae,
273 824 454 868 fontem
495 823 754 880 sapientiae
795 831 842 868 et

131 882 372 935 scientiae,
419 882 600 927 fontem
657 883 837 927 aeterni

130 941 338 992 luminis,
348 942 603 987 torrentem
623 942 840 999 volupta-

70 1007 74 1026 ¹
130 1001 207 1052 tis,
230 1001 497 1046 ubertatem
522 1001 695 1045 domus
718 1002 806 1046 Dei
827 1015 837 1046 :

129 1067 180 1105 te
201 1072 390 1116 semper
413 1060 605 1110 embiat,
629 1068 677 1105 te
695 1073 839 1117 quae-

128 1127 220 1170 rat,
248 1127 297 1163 te
323 1119 545 1169 inveniat.
574 1119 636 1164 ad
665 1125 713 1163 te
741 1127 840 1164 ten-

131 1179 232 1227 dat.
282 1178 345 1222 ad
397 1186 444 1223 te
493 1178 745 1235 perveniat,
794 1186 841 1223 te

72 1245 75 1284 i
133 1237 403 1288 meditetur,
431 1236 493 1282 de
520 1245 567 1282 te
598 1237 831 1295 loquatur,

74 2920 79 2945 1

134 1304 182 1341 et
214 1295 377 1341 omnia
412 1296 631 1353 operetur
660 1297 710 1341 in
740 1298 840 1342 lau-

133 1357 259 1407 dem,
307 1363 355 1401 et
394 1355 594 1413 gloriam
636 1356 842 1402 nominis

131 1413 215 1465 tui,
245 1428 355 1460 cum
383 1416 648 1461 humilitate
674 1424 722 1461 et
750 1416 844 1461 dis-

131 1474 355 1530 cretione,
370 1488 479 1521 cum
511 1475 767 1520 dileetione
793 1483 841 1520 et

133 1533 462 1585 delcetatione,
482 1547 593 1579 cum
615 1534 842 1579 facilitate

134 1600 181 1638 et
202 1591 391 1643 affeetu,
405 1606 517 1637 cum
539 1593 839 1650 perseveren-

133 1652 204 1698 tia
237 1663 392 1710 usque
427 1652 475 1696 in
512 1651 685 1696 finem:
715 1660 762 1698 et
791 1660 844 1698 tu

136 1712 201 1756 sis
222 1711 353 1756 solus
373 1724 562 1768 semper
581 1725 691 1770 spes
717 1725 836 1764 mea,

137 1777 243 1815 tota
282 1768 457 1815 fiducia
492 1784 609 1822 mea,
653 1771 845 1817 divitiae

137 1842 287 1880 meae,
295 1828 549 1874 delectatio
557 1843 676 1883 mea,
679 1829 848 1889 jucun-

139 1889 265 1934 ditas
285 1902 404 1939 mea,
412 1888 643 1946 gaudium
666 1903 838 1942 meum,

139 1948 276 2005 quies
304 1954 351 1993 et
379 1947 694 2005 tranquillitas
719 1962 837 2000 moe..

140 2020 235 2064 pax
248 2020 367 2058 mea,
376 2007 583 2052 suavitas
598 2021 716 2059 mea,
725 2010 845 2054 odor

140 2079 286 2118 meus,
323 2066 528 2112 dulcedo
564 2079 683 2120 mea,
710 2068 845 2114 cibus

138 2139 286 2178 meuS,
330 2125 524 2182 resectio
564 2140 682 2177 mea.
724 2127 847 2173 resti-

136 2187 269 2244 giurn
295 2199 469 2236 meum.
497 2187 727 2232 auxilium
749 2200 846 2232 me-

136 2258 232 2294 um.
266 2245 501 2302 sapientia
536 2258 656 2299 mea,
686 2245 845 2304 portio

137 2317 259 2354 mea,
301 2303 538 2360 possessio
580 2319 699 2355 mea,
745 2305 845 2350 the-

139 2363 307 2408 saurus
328 2376 473 2413 meus.
489 2364 536 2408 in
556 2378 655 2422 quo
676 2365 783 2416 fixa,
797 2372 844 2409 et

138 2421 287 2471 firma,
316 2429 363 2466 et
395 2422 695 2469 immobiliter
725 2437 845 2468 sem·

138 2494 223 2538 per
244 2480 305 2525 sit
327 2482 539 2527 radicata
564 2496 696 2527 mens
718 2495 838 2534 mea,

138 2547 185 2586 et
206 2554 290 2585 cor
312 2552 482 2587 meum.
548 2543 720 2588 Amen.

173 2632 342 2677 Oratio
382 2633 443 2676 ad
491 2633 819 2680 Beatissimam

252 2692 495 2749 Virginem
520 2695 739 2740 Mariam.

339 2777 719 2825 SACRATISSI
727 2778 840 2829 MA,

915 469 1239 514 creaturarum
1273 470 1321 513 in
1356 478 1441 515 tuo
1469 483 1624 516 sacra·

917 526 1101 573 t1ssimo
1136 523 1272 574 utero
1308 529 1439 574 fuisti
1477 531 1626 588 digna

916 588 1118 643 portare,
1168 588 1367 647 solaque
1412 589 1625 648 virgineo

914 644 1061 691 ubere
1093 646 1301 693 laetate:
1330 649 1468 707 quus
1496 663 1626 696 vera-

915 704 1175 758 cissimum,
1208 706 1493 767 sacrumque
1523 723 1625 755 cor-

915 777 1019 822 pus,
1052 773 1098 810 et
1127 766 1408 824 sanguinem
1435 782 1527 826 ego
1555 769 1626 813 in-

915 823 1092 881 dignus
1112 826 1347 883 peccator,
1376 828 1524 872 modo
1548 827 1625 872 su-

914 896 1045 928 mere
1094 884 1391 943 praesumpsi
1425 900 1436 931 :
1489 895 1624 932 tuam

915 941 1160 988 humiliter
1187 944 1418 1001 deprecor
1446 946 1625 991 miseri-

913 1001 1145 1054 cordiam,
1187 1010 1240 1048 ut
1287 1005 1419 1060 apud
1466 1005 1624 1061 ipsum

913 1074 1002 1119 pro
1034 1074 1113 1105 me
1142 1062 1392 1119 peccatore
1430 1063 1625 1109 interce-

913 1122 1027 1165 dere
1047 1120 1282 1178 digneris:
1303 1129 1368 1172 ut,
1388 1122 1624 1180 quidquid

913 1180 960 1224 in
1003 1179 1098 1224 hoc
1139 1187 1239 1225 tam
1281 1180 1517 1233 ineffabili,
1565 1196 1622 1227 ac

911 1238 1197 1295 dignissimo
1238 1239 1497 1292 Sacrificio,
1538 1254 1625 1298 per

912 1311 990 1342 me
1031 1298 1284 1356 indignum
1331 1299 1616 1356 ignoranter,

913 1358 985 1402 vel
1025 1358 1329 1416 negligenter,
1376 1367 1461 1404 aut
1501 1360 1625 1405 acci-

911 1417 1091 1469 denter,
1149 1430 1234 1463 seu
1301 1418 1616 1471 irreverenter.

913 1476 1091 1522 scilicet
1112 1477 1161 1521 in
1183 1476 1448 1528 tractendm
1476 1485 1524 1522 et
1543 1491 1622 1523 su-

912 1535 1104 1588 mendo,
1166 1549 1223 1580 ac
1304 1536 1622 1582 ministrando

913 1594 1076 1640 aetum
1097 1603 1181 1646 est,
1201 1595 1525 1647 commissum,
1548 1596 1622 1641 vel

912 1654 1146 1700 omissum
1162 1668 1172 1700 ε
1190 1654 1281 1700 tuis
1295 1653 1622 1701 sacratissimis

913 1714 1133 1771 precibus
1144 1714 1387 1772 indulgere
1399 1714 1623 1771 dignetur

914 1774 1042 1818 idem
1058 1773 1295 1819 Dominus
1311 1773 1621 1835 nosterJesus

915 1832 1134 1877 Christus
1177 1832 1323 1878 Fssius
1367 1840 1490 1885 tuus,
1539 1833 1621 1891 qui

915 1904 1024 1936 cum
1051 1892 1201 1943 Patre,
1228 1899 1276 1937 et
1297 1891 1477 1950 SpIritu
1503 1891 1623 1937 San-

913 1950 994 1996 e'to
1019 1952 1144 2004 vivit,
1172 1957 1219 1996 et
1246 1958 1415 2009 regnat
1443 1951 1491 1995 in
1520 1964 1622 1997 sae-

915 2011 1024 2057 cula
1044 2010 1360 2057 saeculorum.
1426 2010 1596 2057 Amen.

915 2105 1186 2161 Rhythmus
1217 2103 1366 2149 saneti
1401 2104 1620 2149 Thomae

939 2166 1005 2208 ad
1028 2179 1211 2210 sacram
1235 2163 1597 2210 Eucharistiam.

1076 2246 1263 2293 DORO
1286 2253 1333 2291 te
1353 2244 1536 2297 devote.
1557 2245 1620 2291 la-

1104 2313 1209 2351 tens
1231 2305 1410 2365 Deitas.

914 2363 1053 2419 Quae
1089 2366 1179 2409 sub
1217 2364 1290 2408 his
1323 2362 1487 2421 figuris
1518 2375 1627 2409 vere

1003 2423 1193 2468 latitas:

913 2481 1023 2526 Tibi
1066 2495 1116 2526 se
1152 2495 1234 2527 cor
1273 2494 1434 2525 meum
1469 2487 1623 2526 totum

1003 2539 1206 2597 subjicit.

914 2599 1046 2654 Quia
1084 2606 1132 2644 te
1173 2597 1517 2656 contemplans,
1554 2604 1626 2644 to·-

1006 2665 1111 2703 tum
1133 2657 1308 2704 deficit.

981 2714 1133 2769 Visus,
1165 2717 1356 2769 taetus„
1371 2723 1544 2775 gustus
1578 2716 1627 2761 in

1007 2784 1056 2822 te
1077 2777 1254 2823 fallitur

341 2851 372 2882 o
432 2838 742 2889 serenissima.
801 2845 849 2882 et
919 2837 1018 2882 Sed
1048 2837 1219 2883 auditu
1250 2836 1355 2883 solo
1392 2842 1499 2882 tuto
1530 2833 1628 2880 cre·

139 2898 322 2951 inclyta
349 2897 559 2955 gloriosa
588 2898 719 2955 virgo
742 2897 849 2942 Ma-

1010 2898 1139 2942 ditur
1155 2911 1167 2943 ε
