2050 3392
351 252 469 308 viii.

701 254 792 307 De
815 251 991 305 Anno
1015 252 1071 302 et
1090 246 1215 318 ejus
1227 245 1507 318 partibus.

345 400 411 433 est
448 407 486 444 7,
522 389 592 433 cui
628 389 671 432 in
707 389 858 432 eadem
901 386 1057 429 tabella
1087 387 1094 431 s
1123 383 1360 427 Novilunia
1377 381 1604 425 indicabit:
1625 390 1672 423 ut
1696 380 1741 423 in
1765 381 1847 434 Ja-

346 442 566 495 supposita
584 450 648 483 est
668 440 834 500 Epatfta
852 438 921 480 vii.
944 452 1057 497 quae
1086 442 1089 487 ὲ
1120 435 1271 496 nuario
1289 435 1359 477 die
1378 434 1496 494 amin
1518 433 1750 474 Februario
1769 432 1847 475 die

343 505 435 536 toto
470 507 522 536 eo
556 506 668 534 anno
712 506 755 532 in
794 491 1057 531 Kalendario
1087 527 1090 531 ,
1122 503 1185 537 22,
1205 501 1250 528 m
1271 487 1431 527 Martio
1450 486 1519 526 die
1540 484 1696 535 24,&c.

346 571 473 616 Alia
525 570 571 615 T
565 570 719 615 abella
762 564 1061 626 Epac‘tarubz
1104 565 1486 624 respondentium
1529 562 1716 608 Aarez's
1761 577 1859 608 nu-

408 630 554 676 meris
583 629 640 673 ab
671 642 800 673 amm
835 629 947 685 1833
980 626 1228 677 inclusive,
1261 639 1405 690 usque
1425 624 1494 668 ad
1518 637 1706 668 annum
1735 637 1859 681 1900

413 690 663 735 exclusive.

366 768 478 835 lAur.
509 788 622 814 num.
677 789 735 832 ἕο.
829 763 907 813 ιζ’
978 787 1035 812 12.

404 825 604 877 Ερειέὶειε.
676 837 730 864 nc.
816 838 885 864 xx.
992 823 1017 863 i.

423 909 482 947 18.
577 919 652 964 ¹9t.
738 935 747 944 .
813 919 847 945 2.
938 918 970 954 3.
1067 919 1103 954 4.

412 956 482 997 vii.
552 956 665 997 xviu.

1131 786 1187 830 ¹3:
1286 762 1386 830 ῥ’
1437 786 1493 821 15.
1533 760 1858 851 ⁷¹⁷7i6fffl17T‘

1123 836 1194 863 xu.
1253 831 1368 888 xxuu
1855 862 1858 883 Ι

1436 821 1489 862 iv.
1576 835 1643 861 xv,
1708 835 1823 861 xxvi.

1195 916 1229 961 5.
1345 904 1380 942 6.
1472 916 1506 953 7.
1597 904 1632 941 8.
1749 916 1786 953 9.

714 920 732 944 1

715 956 738 977 ’ἒ
801 954 856 996 xi.
903 953 1002 995 xxii.
1054 953 1110 995 iii.
1167 967 1250 994 xlv,
1312 967 1408 993 xxv.
1461 952 1515 993 vi.
1562 951 1661 992 xvii.
1691 952 1858 994 xxviii:

402 1038 473 1079 Ad
500 1037 732 1078 tollendam
759 1035 1070 1077 dubitationem
1103 1056 1106 1101 Ι
1139 1048 1236 1074 nem
1287 1032 1410 1074 annis
1462 1032 1854 1084 progredientibus,

350 1090 406 1130 de
441 1102 521 1129 usu
558 1088 686 1139 hujus
723 1101 859 1128 novae
896 1087 1069 1127 tabulae

351 1140 627 1191 Epatstarum,
666 1140 941 1181 ostendemus
978 1151 1068 1178 rem

349 1190 566 1242 exemplis.
590 1193 716 1232 Anno
739 1193 835 1241 1833
855 1189 1067 1230 tribuatur

351 1242 519 1294 Epasta
553 1241 612 1290 ix,
649 1256 761 1293 quae
797 1241 876 1281 sub
920 1242 1066 1281 Aureo

352 1307 528 1334 numero
555 1309 601 1335 10
625 1293 882 1335 collocatur:
910 1291 984 1332 fiet
1015 1305 1069 1332 ue

356 1344 636 1386 Novilunium
652 1359 699 1385 22
713 1342 978 1395 Januarii‚2o
1028 1356 1070 1382 e-

352 1395 526 1444 bruarii,
546 1410 592 1437 22
607 1394 768 1436 Martii.
829 1395 938 1434 Item
957 1406 1069 1434 anno

356 1450 453 1499 1834
472 1446 684 1487 tribuatur
710 1445 876 1497 Epac'ta
902 1459 958 1484 xx
987 1443 1067 1484 sub

350 1500 494 1540 Aureo
538 1511 713 1538 numero
761 1511 804 1537 11
844 1496 1068 1541 collocata:

350 1563 461 1600 quae
488 1558 578 1590 toto
614 1562 665 1589 eo
696 1561 808 1588 anno
835 1546 877 1587 in
910 1546 1068 1586 Kalen·

351 1600 472 1642 dario
510 1599 745 1641 Novilunia
781 1596 1065 1655 monstrabit:

351 1661 399 1693 ut
432 1651 474 1692 in
500 1650 708 1703 januario
734 1649 804 1690 die
833 1664 895 1698 11,
915 1661 959 1688 m
989 1647 1067 1706 Fe·

350 1702 520 1744 bruario
556 1702 626 1744 die
657 1717 697 1754 9,
727 1701 770 1742 in
809 1699 968 1741 Martio
995 1700 1066 1757 ‘¹¹9

354 1770 411 1795 11.
446 1755 503 1795 Et
529 1752 591 1796 sic
617 1753 818 1805 deinceps
855 1766 929 1803 per
954 1751 1065 1792 ordi·

1103 1104 1106 1113 ·
1138 1085 1355 1125 redeundo
1390 1085 1460 1143 ad·
1479 1083 1734 1135 principium
1769 1086 1857 1137 Ta7

1138 1136 1289 1183 bellae,
1344 1146 1694 1193 quotiescumque
1756 1150 1857 1178 eam

1193 1200 1403 1227 rcurreris.
1428 1187 1592 1226 Rursus
1606 1200 1718 1227 anno
1738 1190 1854 1237 1862,

1179 1238 1304 1289 padta
1330 1251 1414 1278 non
1442 1237 1634 1288 signatur
1658 1252 1853 1288 numero,

1136 1290 1211 1330 sed
1241 1290 1318 1329 hoc
1346 1288 1468 1340 signo
1488 1290 1511 1309 ἦ
1529 1289 1644 1339 quod
1672 1289 1856 1330 colloca-

1137 1351 1205 1380 tur
1223 1340 1302 1380 sub
1322 1341 1464 1380 Aureo
1492 1353 1667 1379 numero
1692 1355 1726 1387 1,
1747 1350 1790 1380 et
1810 1340 1854 1381 in

1138 1390 1399 1431 Kalendario
1419 1401 1507 1431 toto
1521 1404 1572 1430 eo
1590 1403 1702 1430 anno
1719 1391 1856 1432 Novi-

1134 1442 1251 1482 lunia
1287 1440 1493 1482 indicabit
1518 1455 1528 1487 ;
1565 1440 1764 1481 nimirum
1807 1441 1853 1483 in

1133 1492 1340 1543 januario
1359 1492 1428 1533 die
1446 1507 1463 1532 1
1479 1500 1521 1531 et
1538 1506 1600 1541 31,
1621 1490 1662 1531 in
1685 1492 1853 1534 Martio

1131 1544 1249 1593 (nam
1262 1543 1306 1583 in
1326 1541 1555 1583 Februario
1570 1542 1733 1583 nullum
1749 1552 1853 1585 tunc

1135 1595 1178 1634 N
1183 1594 1433 1643 ovilunium,
1446 1608 1544 1635 curn
1559 1593 1601 1633 in
1613 1607 1664 1633 eo
1680 1592 1854 1643 signum

1132 1644 1212 1686 hoc
1233 1645 1256 1667 *
1283 1659 1368 1686 non
1396 1659 1440 1686 re
1471 1643 1647 1693 eriatur)
1666 1644 1738 1686 die
1760 1660 1778 1686 1
1808 1655 1854 1688 et

1132 1711 1194 1748 31,
1216 1695 1260 1737 in
1278 1696 1415 1748 Aprili
1466 1696 1504 1737 ie
1528 1710 1592 1748 29,
1614 1695 1692 1739 &c.

345 1817 553 1876 Tabella
584 1831 889 1875 Litterarum
922 1827 1314 1873 Dominicalium
1355 1825 1415 1871 ab
1446 1825 1612 1870 Idibus
1644 1825 1861 1882 Oltobn's

407 1891 534 1935 anni
553 1890 855 1935 corree‘tionis
891 1890 1003 1945 1582
1022 1886 1284 1944 (detractis
1295 1888 1443 1946 prius
1460 1886 1610 1930 decem
1641 1886 1852 1946 diebus),

413 1964 556 2008 usque
576 1950 644 1994 ad
660 1963 849 1994 annum
873 1962 988 2004 1700
1006 1947 1257 1992 exclusive.

493 2033 781 2182 btst.f¹

821 2035 957 2122 eid
1038 2069 1061 2097 c

884 2127 889 2180 l

404 2372 522 2414 Usus
540 2370 670 2423 huJus
696 2370 878 2412 tabellae
896 2369 966 2411 hic
985 2378 1062 2411 est.

352 2424 479 2464 Anno
523 2421 795 2465 correctionis
838 2424 935 2472 1582
972 2429 1068 2472 post

353 2474 459 2515 Idus
479 2473 678 2516 octobris
702 2471 923 2524 (detractis
949 2471 1068 2522 prius

352 2540 379 2565 x
416 2525 586 2576 diebus)
618 2524 833 2566 tribuatur
868 2523 1010 2563 littera
1045 2536 1067 2562 c

353 2574 513 2627 primae
556 2575 748 2623 cellulae,
786 2584 829 2615 et
872 2572 1067 2624 sequenti

352 2640 464 2668 anno
495 2631 592 2678 1583
620 2627 760 2667 littera
779 2625 806 2666 b
833 2626 1065 2671 secundae,

350 2688 393 2718 et
413 2691 524 2718 anno
547 2681 643 2727 1584
664 2678 820 2717 dentur
838 2676 1007 2717 litterae
1025 2676 1067 2715 A

352 2741 381 2779 g
400 2727 550 2769 tertiae
577 2728 770 2775 cellulae,
790 2738 833 2768 et
860 2726 921 2767 sic
949 2726 1068 2767 dein-

351 2792 401 2820 ce
433 2793 453 2818 s
484 2778 578 2818 aliis
612 2777 736 2818 annis
771 2778 920 2819 ordine
955 2777 1066 2818 aliae

353 2843 403 2869 ce
422 2827 532 2869 lulae
563 2827 818 2877 tribuantur,
846 2830 982 2870 donec
1009 2829 1065 2868 ad

354 2892 513 2920 annum
532 2878 794 2931 propositum
816 2889 1065 2931 perventum

1123 2022 1281 2118 ..γε

790 2183 1844 2343 ’ῖςῖιῗῖῖιῖγῖῗῖ

886 2303 889 2336 ³
1106 2313 1433 2353 *ὲ
1537 2293 1540 2320 ²
1690 2282 1714 2308 ⁶
1855 2281 1858 2346 l

1367 2055 1387 2096 f
1469 2071 1493 2097 e

1689 2033 1810 2175 ψ

1854 2031 1858 2096 ἒ

1210 2123 1215 2178 ι
1853 2099 1858 2160 l

1133 2368 1204 2416 sit,
1242 2369 1461 2410 redeundo
1495 2369 1550 2410 ad
1595 2368 1856 2422 principium

1134 2420 1317 2461 tabellae
1360 2420 1712 2471 quotiescumque
1758 2436 1857 2463 eam

1133 2470 1401 2522 percurreris.
1458 2471 1574 2511 Nam
1610 2471 1781 2522 cellula,
1811 2473 1857 2514 in

1133 2536 1262 2573 quam
1288 2535 1424 2563 annus
1451 2521 1692 2574 propositus
1720 2524 1855 2573 cadit,

1134 2574 1235 2614 dum
1280 2575 1407 2614 modo
1442 2571 1578 2613 minor
1612 2572 1684 2621 sit,
1722 2588 1856 2625 quam

1133 2638 1271 2665 annus
1323 2639 1435 2675 1700,
1491 2622 1610 2664 dabit
1665 2624 1858 2668 litteram

1134 2674 1444 2733 Dominicalem
1485 2673 1692 2725 propositi
1732 2676 1851 2718 anni.

1135 2726 1258 2776 Quae
1287 2740 1323 2767 si
1357 2739 1482 2766 unica
1510 2726 1759 2775 occurrerit,
1781 2741 1858 2769 an-

1134 2790 1213 2817 nus
1228 2777 1308 2818 erit
1325 2775 1560 2818 communis
1577 2776 1636 2822 :si
1657 2790 1759 2818 vero
1778 2780 1857 2820 du·

1132 2829 1246 2878 plex,
1265 2826 1499 2868 Bissextilis
1516 2840 1525 2868 :
1545 2836 1587 2866 et
1607 2835 1710 2869 tunc
1729 2842 1857 2880 supe·

1134 2878 1218 2919 rior
1254 2879 1395 2920 littera
1427 2876 1699 2920 Dominicam
1737 2879 1856 2921 diem
