2050 3392
521 257 692 309 Feria
718 258 886 310 tertia
909 259 991 311 ad
1008 259 1382 312 Matutinum.

192 382 408 427 Animam
446 393 617 431 meam,
648 378 675 402 ⁴*
696 387 750 425 ut
778 379 906 425 aufe-

193 450 300 486 rant
324 454 446 485 eam.

252 498 609 545 Convertamur
629 497 896 551 retrdrsum,

191 568 240 605 et
260 558 577 610 revereantur,
600 557 627 581 ⁴*
645 559 728 615 qui
741 559 903 603 volunt

191 620 307 664 mihi
329 619 473 662 mala.

253 679 429 723 Ferant
451 676 705 721 confestim
741 676 905 721 confu-

195 737 376 783 sidnem
399 750 555 787 suam,
585 735 612 759 ⁴*
634 737 717 792 qui
740 737 903 780 dicunt

194 797 308 841 mihi
335 810 346 840 ;
371 797 524 851 Euge,
555 808 690 851 euge.

253 855 498 905 Exfiltent,
558 861 606 898 et
673 852 904 899 laetentur

192 929 335 972 super
355 923 402 958 te
424 927 595 958 omnes
626 913 904 970 quaere'ntes

196 981 280 1019 te:
313 973 341 997 ¹*
386 981 434 1017 et
478 973 643 1016 dicant
684 986 903 1030 semper:

197 1031 541 1090 Magnifioetur
593 1030 733 1076 Dfius
761 1047 771 1076 ;
823 1032 904 1089 qui

195 1092 402 1149 diligunt
423 1089 633 1136 salutare
656 1098 804 1136 tuum.

254 1152 365 1208 Ego
424 1158 592 1194 autem
664 1150 909 1195 mendicus

194 1224 315 1260 sum,
336 1216 385 1254 et
406 1222 610 1267 pauper:
629 1207 656 1231 ⁴⁶
672 1209 908 1254 deinus

195 1269 426 1315 sollicitus
439 1277 512 1313 est
527 1269 636 1313 mei.

253 1327 468 1387 Adj1'1t0r
507 1341 658 1379 meus,
685 1335 732 1372 et
753 1328 909 1385 prote-

196 1387 303 1433 ἀοι·
343 1402 481 1433 meus
512 1395 567 1433 tu
598 1400 649 1432 es
677 1401 687 1431 ε
718 1386 745 1410 ⁴*
777 1388 909 1433 Deus

198 1462 350 1500 meus,
377 1462 439 1492 ne
461 1446 733 1492 tardAveris.

269 1504 398 1551 Afia.
415 1507 487 1550 Ut
509 1519 610 1550 non
632 1505 908 1563 delinquam

198 1567 247 1610 in
267 1566 434 1623 lingua
448 1579 571 1610 mea.

267 1622 570 1683 Antiphon&-
591 1623 734 1670 Sana.

414 1719 635 1765 Psalmus
654 1716 718 1766 xl.

350 1803 584 1856 EATUS,
625 1803 707 1861 qui
743 1804 911 1849 intelli·

375 1864 445 1921 git
466 1877 610 1921 super
629 1864 833 1919 egenum
864 1871 912 1907 et

200 1920 463 1981 pauperem
492 1938 504 1968 ε
526 1921 554 1946 '⁶
575 1922 625 1967 in
666 1923 744 1967 die
785 1922 912 1966 mala

201 1981 422 2027 liberabit
443 1996 556 2027 eum
578 1980 829 2027 deinus.

262 2041 503 2087 D6minus
519 2041 764 2086 conservet
780 2054 903 2091 eum,

203 2108 252 2146 et
273 2100 471 2145 vivificet
493 2114 623 2154 eum,
647 2108 693 2144 et
714 2100 909 2144 beatum

204 2159 349 2205 {ficiat
362 2174 474 2205 eum
490 2161 541 2204 in
557 2157 735 2204 terraz*
751 2168 798 2203 et
813 2172 910 2203 non

207 2220 365 2264 tradat
386 2233 498 2263 eum
522 2219 569 2262 in
591 2218 804 2263 Animam
825 2217 911 2263 in'i-

204 2279 439 2324 micdrum
460 2279 578 2336 ejus.

265 2337 503 2382 deinus
534 2350 677 2395 opem
708 2336 825 2382 ferat
847 2336 911 2381 ini

206 2410 351 2453 super
364 2396 541 2441 lecstum
556 2396 733 2441 doldris
744 2397 785 2454 ej
791 2409 864 2440 us:
884 2393 911 2418 ⁴*

207 2455 476 2500 universum
486 2464 685 2501 stratum
703 2457 805 2524 ejus
814 2468 912 2500 ver-

208 2514 323 2559 saSti
339 2516 386 2559 in
408 2514 681 2560 infirmitate
701 2529 816 2572 ejus.

266 2574 375 2630 Ego
396 2573 511 2619 dixi:
529 2574 748 2626 deine,
775 2574 913 2619 mise-

211 2632 310 2677 rere
344 2633 432 2677 mei
453 2648 463 2678 :
486 2631 513 2656 ⁴*
548 2647 668 2677 sana
699 2633 910 2678 animam

211 2705 380 2742 mam,
399 2693 510 2748 quia
531 2691 723 2750 peceavi
747 2691 845 2737 tibi.

275 2749 454 2795 Inimici
470 2752 559 2796 mei
576 2751 795 2796 dixerunt
813 2765 909 2796 ma-

211 2808 261 2853 la
274 2808 438 2854 mihit*
455 2812 649 2867 quando
666 2811 903 2864 morietur,

211 2875 261 2912 et
282 2867 449 2925 peribit
471 2883 644 2914 nomen
660 2869 794 2927 ejus?

1611 253 1677 316 67

1034 382 1097 427 Et
1147 383 1186 428 si
1235 381 1588 438 ingrediebatur
1626 390 1679 427 ut

974 441 1163 494 videret,
1192 455 1315 485 vana
1335 441 1630 498 loquebatur.
1653 440 1679 464 ⁴*

973 513 1055 544 cor
1073 502 1174 559 ejus
1192 501 1495 557 congregasswit
1512 500 1681 558 iniqui-

976 558 1122 604 tatem
1144 561 1247 605 sibi.

1034 618 1379 675 Egrediebatur
1410 619 1547 669 foras,
1575 617 1602 641 ⁴*
1632 627 1678 662 et

976 677 1261 734 loquebatur
1279 679 1327 722 in
1349 679 1571 736 idipsum.

1034 738 1298 783 Adversum
1350 751 1427 781 me
1471 735 1681 782 susurra-

975 796 1090 842 bant
1116 811 1282 841 omnes
1313 797 1485 841 inimici
1517 796 1628 840 mei:
1652 794 1679 818 ⁴*

975 856 1224 901 adversum
1276 870 1353 900 me
1402 855 1677 912 cogitabant

974 915 1098 959 mala
1120 915 1248 960 mihi.

1032 974 1241 1019 Verbum
1264 974 1478 1032 iniquum
1508 975 1681 1019 consti·

977 1033 1165 1078 tuerunt
1216 1034 1467 1078 adversum
1513 1047 1589 1077 me
1618 1031 1679 1076 :*

979 1092 1228 1149 Numquid
1257 1093 1337 1149 qui
1365 1092 1555 1143 dormit,
1583 1105 1679 1136 non

976 1151 1164 1209 adjiciet
1185 1159 1238 1195 ut
1259 1151 1500 1208 restirgat?

1036 1211 1224 1255 Etenim
1234 1211 1379 1255 homo
1389 1211 1520 1268 pacis
1530 1224 1676 1261 meae.

977 1269 1025 1314 in
1056 1283 1154 1327 quo
1181 1269 1363 1327 sperhvi
1385 1285 1395 1315 :
1419 1269 1447 1293 ⁴*
1468 1270 1550 1328 qui
1572 1271 1680 1315 ede-

974 1329 1055 1374 bat
1089 1343 1235 1387 panes
1276 1343 1421 1381 meos,
1465 1329 1680 1386 magnifi-

974 1388 1096 1433 cavit
1132 1402 1273 1446 super
1301 1402 1378 1433 me
1405 1389 1681 1446 supplanta·

974 1447 1166 1493 tidnem.

1033 1507 1110 1551 Tu
1127 1515 1300 1558 autem.
1322 1508 1440 1559 DRe,
1463 1506 1681 1552 miserere

977 1567 1082 1618 mei,
1108 1575 1155 1611 et
1192 1566 1418 1611 resfiscita
1445 1580 1523 1611 me
1550 1581 1560 1611 ε
1584 1565 1610 1589 ⁴*
1632 1574 1679 1610 et

975 1626 1229 1670 retribuam
1250 1626 1329 1670 eis.

1039 1685 1095 1729 In
1109 1685 1201 1731 hoc
1217 1684 1431 1741 cogndvi,
1453 1683 1679 1742 qu6niam

976 1745 1165 1789 voluisti
1188 1758 1281 1788 me:
1299 1742 1325 1766 ⁴*
1343 1743 1570 1800 qudniam
1584 1758 1680 1789 non

975 1803 1204 1861 gaudebit
1220 1802 1436 1848 inimicus
1457 1816 1590 1847 meus
1605 1817 1682 1848 su-

977 1876 1064 1920 per
1084 1876 1174 1907 me.

1039 1923 1123 1966 Me
1143 1929 1303 1966 autem
1334 1930 1527 1980 propter
1547 1923 1681 1967 inno-

978 1981 1181 2027 centiam
1195 1982 1459 2039 suscepisti:
1471 1980 1496 2003 '‘
1505 1990 1551 2026 et
1568 1995 1680 2026 con·

978 2041 1172 2085 firmasti
1215 2054 1290 2085 me
1331 2042 1379 2085 in
1420 2041 1678 2098 conspeetu

978 2108 1062 2144 tao
1084 2100 1131 2143 in
1151 2101 1408 2145 aeternum,

1039 2159 1322 2204 Benedicstus
1442 2159 1678 2205 deinus

978 2218 1110 2263 Deus
1143 2219 1286 2263 Israel
1325 2232 1357 2263 a
1385 2219 1593 2270 saeculo,
1631 2227 1678 2263 et

974 2291 1127 2381 gsque
1148 2278 1196 2322 in
1216 2278 1457 2323 saeculum
1485 2291 1494 2322 ε
1518 2279 1545 2303 ⁴*
1576 2278 1671 2328 fiat,

1006 2345 1073 2384 at.

1181 2430 1397 2479 Psalmus
1417 2431 1494 2479 xli.

1173 2513 1676 2559 EMADMODUM

1139 2575 1374 2619 desiderat
1415 2587 1577 2617 cervus
1616 2575 1679 2618 ad

975 2631 1130 2678 fontes
1146 2633 1378 2691 aquarum
1401 2647 1411 2677 :
1434 2631 1462 2655 ‘¹‘
1478 2633 1543 2676 ita
1560 2632 1678 2677 desi-

976 2692 1108 2737 derat
1153 2692 1312 2737 anima
1356 2706 1463 2736 mea
1505 2692 1569 2735 ad
1613 2700 1671 2744 te,

976 2751 1121 2796 Deus.

1033 2810 1184 2855 Sitivit
1239 2810 1402 2855 anima
1455 2823 1562 2854 mea
1615 2812 1677 2855 ad

976 2870 1134 2914 Deum
1175 2869 1357 2921 fortem,
1403 2868 1560 2913 vivum
1596 2884 1608 2915 z
1651 2868 1678 2892 ⁴*
