2050 3392
198 377 285 422 nis.
308 375 440 432 Quid
455 377 580 421 enim
594 377 905 423 hocloconon

197 449 429 493 magnum
470 445 540 481 est
582 446 628 482 et
669 437 906 483 admiran-

199 497 360 541 dum?
434 497 559 541 Nam
592 498 711 543 haec
742 511 906 542 mensa

197 555 341 612 longe
383 557 629 613 pretiosior
659 565 728 602 est
761 566 905 615 atque

194 615 450 672 jucnndior
470 625 539 668 ;et
558 617 749 662 lucerna
766 617 894 668 haec,

200 688 346 732 quam
387 677 477 726 illa,
516 684 567 721 ut
608 684 783 721 norunt
823 676 903 732 qui

202 748 311 779 cum
345 735 438 780 fide
469 736 577 780 oleo
609 733 838 792 peruncti,
876 748 906 778 a

198 795 379 839 morbis
401 794 583 839 liberati
607 802 731 838 sunt.
781 794 907 838 Arca

199 853 349 897 etiam
381 853 498 897 haec
539 853 690 897 multo
722 852 899 905 melior,

200 913 455 968 magisque
478 912 753 956 necessaria.
794 911 905 957 Non

200 971 327 1016 enim
351 979 515 1021 vestes,
544 971 628 1016 sed
650 971 907 1017 misericor·

200 1031 333 1075 diam
381 1031 610 1075 inclusam
661 1030 903 1076 continet:

197 1091 417 1147 quamvis
430 1090 570 1146 pauci
588 1091 680 1134 sint
697 1091 776 1148 qui
799 1103 906 1135 eam

197 1150 491 1206 possideant.
532 1149 626 1194 Hic
641 1158 686 1195 et
705 1150 904 1195 lectulus

195 1216 268 1254 est
293 1209 430 1253 valde
453 1209 531 1254 illo
553 1209 868 1266 praestantior
894 1225 903 1254 :

197 1268 463 1314 divinarum
487 1270 612 1314 enim
643 1269 905 1328 Scriptura-

199 1342 329 1400 rum·
350 1329 533 1386 requies
574 1330 742 1388 quovis
778 1329 903 1376 led‘to

195 1401 389 1435 suavtor
409 1397 494 1435 est.

253 1456 323 1513 137,
354 1448 399 1494 Ο
420 1462 580 1507 quam.
607 1449 821 1495 cxxxviii.

422 1548 586 1593 Letstio
610 1549 666 1595 vi.

346 1625 907 1682 Tquidemsiconcordia
983 1632 986 1642 '

196 1638 231 1744 ε
287 1637 307 1786 ἔ
375 1685 585 1742 perfecte
602 1685 908 1730 servaretura
1043 1686 1073 1751 κ’,

194 1758 227 1789 n

230 1757 261 1788 o
298 1756 350 1795 ts,
403 1745 583 1789 nullam
639 1745 782 1789 aliam
825 1745 910 1788 do·-

193 1816 331 1848 mum
353 1812 540 1860 praeter
571 1804 695 1848 hanc
718 1802 909 1847 habere-

193 1876 318 1908 mus.
343 1863 452 1907 Hoc
469 1871 627 1908 autem
646 1864 779 1920 quod
794 1863 903 1913 dixi,

195 1936 297 1968 non
348 1936 451 1967 esse
493 1924 679 1975 durum,
732 1922 908 1967 testan-

196 1982 464 2028 turillatria
477 1983 686 2034 millia,et
696 1982 907 2039 quinque

196 2042 346 2087 millia
369 2042 627 2095 hominum,
656 2042 827 2100 quibus
858 2050 905 2087 et

196 2104 372 2147 domus
393 2116 503 2156 una,
530 2111 575 2147 et
601 2116 767 2147 mensa
788 2115 896 2154 una,

195 2171 242 2207 ct
266 2163 427 2207 anima
448 2176 546 2207 una
566 2170 681 2208 erat.
741 2162 904 2207 Multi-

196 2221 377 2266 tudinis
421 2223 547 2267 enim
588 2222 895 2271 credentium.

195 2280 364 2336 inquit,
401 2294 550 2325 unum
585 2290 686 2327 erat
724 2295 819 2332 cor,
856 2289 902 2326 et

195 2339 361 2386 anima
377 2353 485 2385 una.
528 2341 620 2386 Sed
636 2341 750 2399 quia
762 2342 904 2398 longe

193 2402 262 2447 ab
273 2399 458 2444 illorum
475 2400 643 2445 virtute
658 2402 900 2452 absumus,

192 2470 239 2507 et
274 2473 360 2517 per
387 2460 558 2503 domos
586 2460 807 2517 disjuncti
832 2473 901 2504 su—

195 2533 317 2570 mus,
368 2519 535 2563 saltem
583 2521 779 2575 quando
815 2520 907 2563 huc

195 2580 521 2628 convenimus,
536 2578 583 2623 id
602 2579 730 2622 omni
748 2579 908 2623 studio

194 2639 445 2685 faciamus.
497 2637 626 2681 Nam
639 2637 726 2682 etsi
745 2640 792 2681 in
807 2637 908 2681 aliis

196 2700 341 2744 rebus
376 2697 625 2755 pauperes,
662 2704 707 2741 et
743 2697 908 2752 inopes

194 2773 376 2810 sumus.
393 2756 607 2802 hocloco
620 2756 786 2800 saltem
802 2768 909 2799 cum

196 2821 289 2867 huc
315 2818 381 2863 ad
417 2830 503 2864 vos
531 2815 774 2868 intramus,
801 2828 909 2860 cum

194 2880 425 2927 charitate
486 2888 576 2922 nos
636 2874 863 2933 suscipite
898 2888 909 2921 ι

400 254 565 323 Infra
596 254 705 308 022.
735 254 1127 308 Dedicatiomk
1152 254 1444 308 Ecclesiae.

1563 255 1668 312 clv.

976 390 1194 434 cumque,
1225 377 1324 421 Pax
1355 377 1503 430 vobis,
1539 377 1678 422 dico:

978 437 1160 482 Etcum
1169 437 1338 494 spiritu
1348 445 1445 489 tuo,
1453 449 1549 481 non
1565 450 1683 482 voce

974 497 1142 548 solum,
1184 497 1267 541 sed
1298 496 1461 542 animo
1491 509 1685 554 quoque

976 556 1272 616 respondete.
1594 566 1603 576 ·

1024 619 1099 681 R7.
1117 616 1267 661 Mane
1276 615 1676 674 surgenscxxxix.

1062 715 1115 759 111
1153 716 1288 759 tertio
1313 713 1576 759 Nocsturno.

979 791 1146 838 Letftio
1168 793 1318 838 sancti
1343 792 1585 850 Evangelii
1611 805 1684 838 se-

1115 851 1324 897 cundum
1348 853 1543 898 Lucam.

1003 940 1169 985 Letstio
1194 942 1264 986 vii.
1414 938 1526 995 Cap.
1555 937 1646 983 xix.

1087 1012 1135 1058 N
1183 1012 1265 1058 illo
1317 1013 1571 1071 tempore:
1605 1013 1683 1058 In-

1115 1072 1304 1130 gressus
1322 1073 1464 1135 Jesus
1501 1086 1685 1129 peram-

975 1131 1382 1194 bulabatJericho.
1407 1132 1469 1177 Et
1489 1145 1600 1177 ecce
1617 1132 1686 1176 vir

975 1191 1169 1238 nomine
1209 1192 1452 1238 Zachaeus
1486 1205 1495 1236 ε
1527 1203 1575 1237 et
1608 1191 1685 1236 hic

974 1252 1194 1311 princeps
1249 1260 1350 1298 erat
1409 1251 1686 1310 publicano·

974 1325 1095 1364 rum,
1123 1320 1170 1358 et
1191 1313 1294 1371 ipse
1311 1312 1454 1358 dives.
1505 1312 1568 1357 Et
1581 1311 1683 1358 reli-

974 1385 1086 1430 qua.

1027 1450 1097 1492 De
1125 1450 1336 1492 I-Iomilsa
1362 1450 1632 1492 vencrzibiiis

1099 1510 1253 1550 Recine
1281 1510 1556 1564 Presbyteri.

1039 1570 1193 1610 Pau&
1225 1574 1323 1622 pos?
1356 1570 1616 1622 pianrde'c‘cflw.

992 1630 1055 1643 *²
1193 1628 1245 1669 sl*
1305 1641 1412 1669 culn
1472 1627 1680 1669 viderent

983 1676 1009 1743 i..
1043 1659 1199 1763 EQ
1245 1701 1420 1735 omma,
1476 1699 1682 1727 murmu-

995 1743 1013 1787 :“
1043 1733 1187 1815 272*
1249 1747 1428 1795 rabant,
1474 1747 1680 1787 dicentes

983 1797 1169 1847 I—ss‘n-
1251 1807 1378 1860 quod
1430 1807 1488 1847 ad
1534 1805 1680 1845 homi-

979 1876 1087 1907 nem
1098 1863 1394 1920 peccatorem
1404 1862 1681 1908 divertisset.

981 1922 1290 1969 Manifestum
1342 1930 1427 1974 est,
1468 1922 1684 1984 Judaeos

978 1996 1167 2039 semper
1187 1982 1412 2027 Gentium
1434 1982 1593 2026 odisse
1609 1994 1683 2026 sa·

978 2042 1140 2087 lutem.
1182 2042 1422 2099 Scriptum
1436 2041 1681 2086 estenim:

976 2102 1201 2159 Sequenti
1219 2115 1329 2147 vero
1345 2101 1545 2146 sabbato
1563 2113 1684 2158 pene

977 2162 1194 2207 universa
1247 2161 1412 2205 civitas
1463 2160 1684 2205 convenit

976 2222 1142 2267 audire
1159 2222 1352 2266 verbum
1373 2220 1475 2265 Dei.
1507 2219 1685 2264 Viden·

976 2288 1047 2326 tes
1089 2289 1248 2325 autem
1293 2280 1466 2331 turbas,
1508 2278 1682 2340 Judaei

976 2340 1139 2397 repleti
1162 2347 1271 2385 sunt
1295 2339 1406 2389 zelo,
1429 2346 1477 2383 et
1498 2346 1684 2382 contra—

976 2401 1199 2445 dicebant
1231 2400 1299 2450 iis,
1327 2411 1449 2455 quae
1482 2410 1511 2441 a
1535 2396 1685 2441 Paulo

977 2459 1270 2503 dicebantur.
1298 2458 1358 2501 Et
1375 2457 1501 2508 alibi,
1523 2456 1684 2501 fideles

975 2519 1120 2562 etiam
1138 2518 1304 2561 fratres
1316 2516 1543 2561 adversus
1554 2515 1687 2571 Apo-

978 2578 1209 2623 stolorum
1245 2575 1506 2633 principem
1538 2575 1686 2619 disce-

980 2636 1199 2693 ptabant,
1241 2635 1452 2679 dicentes
1482 2649 1491 2679 ε
1525 2634 1686 2689 Quare

978 2696 1185 2741 introisti
1228 2696 1292 2739 ad
1328 2695 1450 2738 viros
1486 2692 1687 2750 praepu-

981 2756 1100 2799 tium
1129 2754 1372 2805 habentes,
1406 2761 1454 2798 et
1485 2753 1687 2799 mandu-

979 2814 1098 2861 casti
1115 2813 1364 2859 cumillis?

1043 2881 1112 2936 Ry,
1137 2874 1325 2920 Domus
1345 2886 1466 2920 mea.
1493 2872 1596 2920 cxli.
