2050 3392
503 280 814 335 Dominica
835 283 1078 337 secunda
1110 284 1372 339 Ollobn’s.

202 415 293 461 erit
341 413 495 473 gleria
553 415 728 462 domus
777 416 914 464 istius

202 474 493 521 novissimae
521 475 631 533 plus
655 490 802 534 quam
822 478 915 535 pri-

202 549 327 592 mae.
371 535 520 591 Quod
541 536 605 581 de
625 550 751 583 novo
773 545 915 583 testa-

202 596 368 641 mento
399 595 583 641 dietum
613 610 730 649 esse,
766 598 913 658 paulo

203 656 420 714 superius
443 657 802 711 demonstravit,
829 659 910 703 ubi

200 716 269 761 ait
282 715 447 775 aperte
459 715 704 762 Christum
715 718 912 776 promit-

202 784 309 822 tens
344 790 356 823 :
399 784 448 823 et
489 776 694 822 movebo
743 791 912 824 omnes

202 836 399 888 Gentes,
427 844 475 882 et
499 836 656 883 veniet
675 836 913 884 desidera-

201 905 282 941 tus
302 896 489 942 cunetis
510 896 759 944 Gentibus.

266 958 340 1027 Rq,
360 958 601 1015 Impetum
614 957 910 1005 inimicerum

199 1030 263 1063 ne
276 1016 524 1063 timueritis
532 1016 780 1064 :memores
788 1018 913 1065 este—

200 1085 264 1131 te,
281 1077 528 1137 quemodo
545 1078 661 1123 salvi
676 1078 790 1124 faeti
803 1086 912 1124 sunt

199 1145 362 1196 patres
401 1137 553 1183 nostri
581 1150 592 1183 :
620 1134 649 1160 ‘⁵⁶
690 1138 756 1183 Et
787 1151 913 1184 nunc

199 1197 463 1244 clamemus
514 1197 564 1243 in
614 1198 814 1252 coelum,
866 1207 911 1245 et

201 1258 500 1305 miserebitur
512 1258 663 1304 nostri
679 1258 812 1305 Deus
826 1272 911 1305 no-

202 1326 308 1364 ster.
372 1313 434 1373 JV.
457 1317 757 1365 Mementete
772 1319 912 1365 mira-

200 1378 368 1423 bilium
387 1378 505 1436 eJus,
519 1392 644 1437 quae
657 1378 766 1425 fecit
789 1379 913 1425 Pha-

200 1437 347 1490 raeni,
376 1445 425 1484 et
468 1438 693 1485 exercitui
726 1440 827 1499 eJus
862 1439 912 1485 in

204 1498 321 1543 mari
345 1498 657 1545 Rubra—Et
677 1512 819 1547 nunc.

441 1587 612 1637 Lectio
630 1602 667 1636 v.

324 1677 578 1724 ALIBUS
598 1677 726 1724 enim
749 1677 912 1725 electis

355 1738 603 1790 Gentium,
627 1739 798 1784 domus
821 1738 911 1784 Dei

200 1798 484 1845 aedificetur
528 1812 615 1857 per
659 1798 913 1845 testamen-

202 1865 304 1905 tum
325 1873 507 1906 novum
524 1857 762 1918 lapidibus
776 1859 906 1913 vivis,

200 1919 343 1978 longe
354 1917 624 1978 gloriesior,
638 1932 783 1977 quam
798 1926 914 1965 tem-

200 1979 334 2038 plum
349 1980 470 2025 illud
487 1979 590 2032 fuit,
611 1980 744 2037 quod
759 1993 790 2025 a
802 1993 913 2037 rege

200 2038 463 2086 Salomene
478 2037 806 2086 constructum
823 2045 907 2092 est,

198 2107 376 2205 1ὲεὲἱῑροεῐι
390 2099 719 2205 ωιξιῐξίῑῒάῖειῆι
736 2100 913 2145 instau-

275 2173 374 2206 um.
541 2173 574 2218 p
595 2172 647 2204 er
710 2173 769 2205 oc
799 2172 912 2218 ergo

199 2233 290 2266 nec
315 2218 583 2278 prophetas
607 2232 667 2266 ex
690 2219 772 2265 illo
796 2218 914 2266 tem-

196 2294 316 2339 pore
336 2280 509 2326 habuit
541 2279 622 2325 illa
650 2292 769 2338 gens
795 2293 808 2325 τ
829 2280 913 2325 sed

199 2341 366 2386 multis
396 2339 617 2386 cladibus
635 2339 815 2385 affiicsta
843 2347 913 2385 est

198 2401 263 2446 ab
277 2398 562 2458 alienigenis
570 2398 773 2458 regibus,
779 2399 914 2459 ipsis-

199 2474 295 2519 que
359 2459 609 2513 Romenis‚
671 2472 734 2504 ne
790 2460 915 2504 hanc

200 2520 389 2580 Aggaei
422 2517 728 2578 prophetiam
758 2519 806 2564 in
837 2519 916 2565 illa

200 2579 551 2627 instauratione
570 2579 736 2637 templi
753 2579 916 2638 opina-

199 2641 332 2688 retur
340 2639 604 2699 impletam.
673 2639 788 2684 Non
796 2640 916 2685 rnul-

203 2709 254 2748 to
295 2703 428 2748 enim
470 2708 598 2760 post,
636 2699 916 2746 adveniente

201 2759 777 2831 Alexandra-subjugata
805 2766 878 2804 est
905 2773 915 2805 :

202 2942 308 2989 ausi
348 2942 393 2988 ei
435 2938 670 2992 resistere.
715 2947 765 2986 et
804 2939 918 2987 ideo

1577 302 1680 341 221

979 417 1221 477 placetum
1258 418 1477 466 facillime
1506 419 1685 469 subditi

978 492 1084 524 rece
1237 487 1277 534 t:
1290 493 1390 527 non
1403 488 1502 527 erat
1524 489 1685 528 tamen

977 538 1132 597 glena
1165 548 1302 586 tanta
1332 541 1505 587 domus
1541 541 1679 596 illius,

977 606 1160 657 quanta
1189 600 1277 647 fuit
1309 601 1358 646 in
1388 601 1582 648 suerum
1613 614 1685 647 re-

977 671 1095 717 gum
1110 659 1256 706 libera
1275 661 1529 720 potestate.

1037 719 1111 782 Ry.
1177 720 1511 780 Congregatae
1574 730 1685 769 sunt

978 779 1158 825 Gentes
1197 780 1247 825 in
1277 781 1594 835 multitudine,
1630 791 1684 829 ut

977 838 1205 885 dImicent
1256 849 1425 887 contra
1472 856 1576 896 noS.
1633 850 1682 888 et

977 898 1255 957 ignoramus
1283 901 1401 959 quid
1424 900 1568 961 agere
1602 904 1684 949 de-

975 958 1179 1005 beemus
1203 972 1215 1005 ε
1237 961 1264 985 ⁴⁶
1297 961 1505 1008 Demine
1533 962 1679 1014 Deus.

976 1019 1042 1063 ad
1064 1026 1124 1064 te.
1143 1026 1252 1065 sunt
1282 1020 1405 1067 eculi
1434 1022 1598 1075 nostri,
1626 1035 1685 1067 ne

976 1079 1239 1137 pereamus.
1334 1080 1392 1140 ys.
1464 1081 1545 1126 Tu
1595 1082 1687 1127 scis

976 1153 1102 1197 quae
1117 1138 1332 1198 cegitant
1348 1139 1398 1185 in
1419 1153 1508 1186 nos
1533 1154 1545 1187 ε
1567 1139 1686 1199 'que-

977 1200 1125 1246 modo
1145 1198 1408 1257 poterimus
1430 1200 1685 1248 subsistere

975 1267 1089 1306 ante
1108 1260 1278 1306 faciem
1299 1259 1499 1314 illerum,
1520 1261 1611 1308 nisi
1632 1268 1686 1308 tu

975 1319 1171 1380 adjuves
1190 1334 1279 1368 nos
1301 1320 1602 1368 ?—D6mine.

1204 1411 1372 1462 Leetio
1393 1415 1451 1462 vi.

992 1527 995 1532 v
1129 1499 1348 1545 EINDE
1384 1500 1686 1546 Ptolemaeus

1160 1559 1282 1619 Lagi
1355 1559 1493 1613 filius,
1571 1566 1685 1618 post

975 1617 1232 1665 Alexandri
1251 1626 1455 1665 mortem
1470 1619 1686 1677 captivos

975 1678 1089 1724 inde
1128 1678 1179 1724 in
1218 1678 1486 1738 AEgyptum
1534 1678 1685 1724 trans·

978 1739 1084 1784 tulit
1117 1752 1127 1784 t
1159 1751 1282 1797 quos
1312 1738 1415 1796 ejus
1444 1737 1687 1784 successor

980 1798 1281 1844 Ptolemaeus
1345 1797 1684 1856 Philadelphus

976 1858 1419 1904 benevolentissime
1439 1870 1444 1883 ¹
1461 1858 1574 1903 inde
1614 1859 1683 1904 di-

976 1919 1103 1964 misit
1132 1932 1143 1966 :
1194 1932 1281 1978 per
1318 1932 1462 1978 quem
1503 1917 1683 1964 faetum

975 1987 1059 2033 est,
1097 1986 1152 2026 ut
1187 1978 1502 2039 Septuaginta
1542 1979 1683 2025 inter-

976 2047 1162 2098 pretum
1194 2038 1460 2098 Scripturas
1487 2038 1684 2086 habere-

977 2113 1097 2146 mus,
1163 2098 1351 2145 Deinde
1366 2099 1555 2144 contriti
1573 2106 1684 2145 sunt

977 2160 1124 2213 bellis,
1150 2160 1343 2218 quaein
1360 2159 1683 2206 Machabaee—

976 2232 1084 2264 rum
1163 2219 1290 2264 libris
1370 2219 1677 2278 explicentur.

981 2280 1094 2326 Post
1114 2278 1233 2326 haec
1254 2278 1429 2338 captia
1444 2293 1556 2338 rege
1574 2279 1684 2325 Ale-

978 2338 1206 2385 xandriae
1265 2339 1554 2392 Ptolemaeo,
1603 2337 1684 2396 qui

977 2407 1049 2446 est
1070 2399 1337 2459 appellatus
1368 2398 1647 2457 Epiphanes
1673 2411 1684 2442 ι

979 2460 1090 2505 inde
1120 2460 1184 2505 ab
1203 2458 1448 2504 Antiocho
1470 2471 1519 2503 re
1552 2470 1579 2502 e
1600 2457 1686 2514 Sy-

977 2519 1075 2565 riae
1116 2519 1275 2565 multis
1316 2525 1362 2563 et
1398 2531 1485 2575 gra
1531 2516 1687 2562 ssimis

978 2579 1117 2625 malis
1131 2580 1196 2624 ad
1209 2579 1338 2624 idela
1347 2576 1550 2622 colenda
1558 2590 1687 2622 com-

978 2638 1103 2698 pulsi
1130 2653 1141 2684 :
1173 2636 1499 2695 templumque
1530 2636 1686 2695 ipsum

978 2697 1212 2756 repletum
1247 2696 1485 2754 sacrilegis
1526 2706 1687 2756 super-

980 2758 1250 2805 stitienibus
1281 2756 1532 2810 Gentiums
1554 2757 1687 2816 quod

981 2826 1141 2864 tamen
1164 2818 1259 2863 dux
1279 2816 1442 2865 cerum
1464 2817 1686 2864 strenuis—

981 2877 1345 2985 mad&
1376 2877 1687 2985 digusfflz?
