2050 3392
360 292 459 349 512
522 276 635 330 Die
656 289 695 343 4
716 274 887 340 Nov„
907 271 968 325 S.
996 265 1207 334 Caroli,
1225 263 1416 335 Episc.
1446 266 1503 317 et
1527 259 1684 329 Cous.

351 414 587 459 mundum
599 424 693 462 cor.
707 408 840 468 quod
854 414 926 454 est
944 405 1055 452 sim·
1117 398 1341 449 summati
1394 395 1690 458 perfeetique
1748 406 1834 439 sa·

349 474 459 533 plex
488 485 582 518 cor.
650 471 711 516 Et
742 467 1055 527 quemadmo-

351 534 469 580 dum
490 533 649 600 lumen
669 526 930 597 hoc-videri
955 537 1054 593 non

350 585 1055 699 ffi‘ssssfffflfflfflfflzi

350 711 586 759 mundum
646 709 705 754 sit
765 706 895 758 illud,
957 717 1057 763 quo

348 770 496 816 videri
530 775 703 828 potest.
758 766 891 811 Beati
927 762 1058 823 paci-

349 830 456 876 fici:
487 827 716 887 quoniam
739 826 827 884 ipsi
851 824 936 870 filii
965 822 1058 869 Dei

350 888 662 935 vocabuntur.
721 886 777 931 In
805 898 925 944 pace
952 896 1059 943 per-

350 948 494 996 feetio
525 956 610 998 est.
645 947 726 993 ubi
768 944 886 991 nihil
921 941 1059 1001 repu-

350 1018 468 1069 gnat
488 1023 500 1055 :
523 1017 568 1054 et
580 1008 700 1054 ,ideo
720 1006 804 1051 filii
824 1004 913 1050 Dei
929 1002 1060 1062 paci-

352 1070 442 1123 fici,
479 1068 707 1127 quoniam
744 1065 860 1112 nihil
900 1064 949 1109 in
984 1063 1059 1108 his

352 1129 526 1175 resistit
558 1129 676 1178 Deo,
703 1133 751 1172 et
781 1125 944 1184 utique
972 1122 1058 1169 fssii

351 1186 708 1235 similitudinem
726 1186 874 1244 patris
886 1183 1061 1231 habere

354 1248 544 1294 debent.

419 1296 490 1357 RV·
513 1307 618 1354 Sint
638 1305 804 1352 lumbi.
832 1316 934 1362 505.

568 1387 733 1438 Lee‘tio
755 1388 846 1437 viii.

364 1474 743 1598 ᾨΑςιιτιοι
798 1487 962 1527 autem
1012 1479 1062 1524 in

523 1543 790 1603 semetipsis
822 1549 946 1594 sunt,
979 1539 1063 1597 qui

356 1619 524 1654 omnes
573 1604 719 1652 animi
770 1602 841 1649 sui
903 1606 1063 1645 motus

355 1667 713 1726 componentes,
739 1672 786 1709 et
816 1659 1066 1721 subjicien-

358 1736 430 1774 tes
451 1727 633 1778 rationi,
662 1726 713 1771 id
733 1733 818 1775 est,
846 1722 990 1767 menti
1016 1728 1066 1766 et

358 1788 558 1846 spiritui,
604 1783 912 1841 carnalesque
951 1793 1067 1826 con-

358 1846 675 1905 cupiscentias
698 1843 930 1889 habentes
952 1839 1066 1886 edo·

360 1907 516 1958 mitas,
558 1906 679 1950 fiunt
714 1915 916 1960 regnum
954 1899 1061 1946 Dei.

361 1965 420 2010 In
454 1977 554 2022 quo
588 1964 658 2009 ita
691 1972 802 2008 sunt
843 1959 1067 2007 ordinata.

358 2023 536 2074 omnia,
579 2031 632 2068 ut
668 2022 719 2067 id
749 2021 883 2080 quod
913 2028 986 2065 est
1016 2019 1067 2064 in

359 2081 554 2130 homine
579 2081 885 2141 praecipuum
914 2088 961 2124 et
989 2090 1069 2123 ex-

361 2142 647 2193 cenensmoc
662 2141 861 2198 imperet
869 2138 1068 2184 caeteris

360 2215 457 2247 non
465 2200 1067 2257 relud'tdntibus‚quaesunt

363 2262 502 2308 nobis
546 2261 805 2318 bestiisque
851 2255 1069 2304 commu-

363 2323 476 2369 niat
505 2329 650 2380 atque
676 2321 900 2379 idipsum.
935 2317 1068 2374 quod

363 2381 548 2429 excellit
577 2382 628 2426 in
657 2380 861 2430 homine,
895 2376 946 2422 id
977 2383 1063 2427 est,

363 2456 500 2489 mens
535 2450 583 2489 et
617 2440 754 2493 ratio.
792 2435 1071 2495 subjiciatur

363 2501 552 2561 potiori.
579 2501 712 2560 quod
731 2506 804 2545 est
825 2499 930 2556 ipsa
953 2495 1071 2541 veri-

365 2570 452 2614 tas.
484 2560 754 2620 unigenitus
785 2557 930 2603 Filius
958 2555 1063 2600 Dei.

365 2622 536 2681 Neque
555 2621 681 2666 enim
702 2617 933 2676 impet-aire
953 2615 1072 2660 infe-

365 2681 564 2728 rioribus
594 2687 768 2738 potest,
808 2677 895 2722 nisi
931 2688 1071 2731 supe-

365 2741 475 2787 riori
505 2753 557 2786 se
592 2741 694 2798 ipse
725 2736 960 2795 subjiciat.
1008 2735 1071 2778 Et

365 2799 484 2844 haee
516 2807 590 2844 est
622 2812 730 2856 pax,
769 2810 894 2856 quae
930 2796 1073 2839 datur

365 2857 415 2901 in
448 2865 572 2903 terra
603 2857 879 2904 homInibus
912 2856 1071 2901 bonae

358 2914 645 2963 voluntatis:
673 2915 797 2961 haec
827 2915 925 2960 vita
953 2926 1069 2959 con·
1125 2894 1432 2958 'confessoris
1454 2908 1523 2955 tui
1542 2918 1692 2969 atque
1723 2909 1847 2956 Pon-

1121 462 1306 522 pientis.

1182 518 1255 570 R}
1279 518 1444 579 Media
1461 516 1620 582 noete.
1648 525 1749 575 505.

1341 577 1506 625 Leeno
1535 588 1596 623 ix.

1269 641 1313 687 E
1359 637 1633 697 hujusmodi
1679 649 1838 695 regno

1297 698 1603 759 pacatissimo
1627 704 1676 743 et
1708 695 1837 742 ordi-

1121 769 1204 808 nat
1224 760 1368 807 ssime
1396 759 1570 805 missus
1601 765 1673 804 est
1703 756 1837 802 foras

1121 822 1343 880 princeps
1363 820 1503 878 hujus
1523 817 1716 868 saeculi,
1749 815 1837 874 qui

1121 880 1351 940 perversis
1454 876 1839 934 inordinatisque

1122 941 1407 987 dominatur.
1473 938 1584 983 Hac
1610 950 1740 996 pace
1763 936 1840 981 in-

1123 1002 1354 1047 trinsecus
1379 997 1652 1049 constituta.
1687 1005 1841 1054 atque

1124 1060 1322 1112 firmina.
1340 1057 1670 1119 quascumque
1678 1069 1839 1116 perse·

1124 1121 1340 1168 cutiones
1361 1120 1450 1171 ille,
1475 1118 1558 1176 qui
1580 1118 1710 1163 foras
1725 1116 1839 1161 mis-

1126 1195 1207 1229 sus
1226 1189 1312 1234 est,
1338 1180 1599 1226 forinsecus
1627 1175 1840 1223 concita·

1124 1242 1253 1293 verit,
1295 1248 1440 1299 auget
1473 1237 1681 1297 gloriam
1713 1249 1840 1294 quae

1126 1301 1390 1347 secundum
1415 1300 1572 1344 Deum
1593 1305 1667 1344 est
1696 1310 1707 1349 ;
1738 1309 1840 1341 non

1126 1361 1307 1419 Aliquid
1320 1360 1369 1404 in
1380 1360 1460 1404 illo
1471 1357 1698 1415 aedificio
1711 1356 1841 1401 labe-

1127 1421 1326 1471 facimus,
1376 1418 1462 1465 sed
1506 1415 1840 1463 deficientibus

1126 1479 1359 1526 machinis
1405 1478 1502 1523 suis
1541 1476 1842 1523 innotescere

1126 1540 1314 1591 fdciens,
1342 1546 1525 1597 quanta
1542 1536 1745 1581 firmitas
1771 1536 1842 1580 in-

1127 1608 1205 1647 tus
1235 1598 1449 1645 extrue'ta
1476 1598 1553 1643 sit.
1623 1597 1742 1642 Ideo
1767 1594 1842 1641 se·

1126 1661 1320 1721 quitur:
1355 1657 1484 1705 Beati
1506 1656 1589 1716 qui
1621 1668 1842 1717 persecu-

1128 1721 1306 1768 tionem
1350 1717 1597 1778 patiuntur
1644 1724 1841 1776 propter

1124 1780 1358 1839 J‘ustitiam
1380 1793 1391 1825 ε
1441 1777 1674 1837 quoniam
1715 1775 1842 1836 ipso-

1129 1855 1234 1888 rum
1255 1848 1327 1886 est
1354 1851 1556 1898 regnum
1576 1836 1836 1883 coelorum.

1188 1900 1262 1947 Te
1284 1900 1442 1946 Deum
1461 1897 1733 1944 laudamus.
1754 1909 1775 1942 1
1812 1929 1823 1942 .

1198 1949 1438 2011 Vesper-ae
1471 1949 1530 1993 de
1563 1949 1610 1994 S.
1652 1948 1772 1995 Caro
1792 1964 1837 2000 o,

1133 2023 1242 2056 cum
1260 2012 1526 2056 Commem.
1547 2007 1772 2059 Oo‘tavae,
1792 2016 1843 2053 et

1130 2070 1406 2117 sancftorum
1433 2070 1601 2116 vitalis
1633 2077 1680 2117 et
1710 2068 1842 2129 Agri-

1131 2132 1266 2178 colae
1290 2131 1573 2189 Martyrum.

1183 2280 1303 2329 DIE
1323 2279 1406 2328 IV.
1434 2278 1787 2328 NOVEMBR.

1133 2347 1194 2393 In
1214 2346 1334 2391 festo
1357 2346 1403 2391 S.
1425 2345 1598 2397 Caroli,
1617 2345 1842 2403 Episcopi

1172 2415 1219 2452 et
1242 2406 1552 2452 Confessoris.
1607 2406 1806 2464 Duplex.

1192 2477 1370 2524 Omnia
1383 2479 1443 2522 de
1453 2477 1711 2523 Communi
1725 2479 1849 2523 Con-

1133 2539 1324 2584 fessoris
1349 2538 1697 2588 Pontificis.lxi,
1714 2552 1848 2596 prae-

1129 2605 1206 2644 ter
1242 2612 1299 2667 eq
1335 2612 1459 2656 quae
1500 2598 1578 2643 hie
1621 2606 1850 2657 sequntur

1133 2671 1340 2718 piopria.

1403 2717 1583 2765 Oratio⁸

1282 2787 1623 2836 CCLESIAM
1692 2795 1839 2840 tuam.

1313 2851 1433 2902 Dae.
1476 2850 1631 2896 sanciti
1687 2845 1848 2896 Catuli
