2050 3392
346 280 414 335 iv.
693 283 780 336 De
804 281 978 336 Anno
1003 287 1058 336 ct
1080 282 1826 352 ez'uspa-zisz-Q—-d

466 426 614 546 {De
647 426 884 546 annu
923 470 1000 546 et
1030 425 1251 556 ‘ffiiuz
1281 422 1714 551 wettinus.

556 698 587 714 ··.-
637 681 830 722 &NUS
897 693 1065 721 menses

651 846 691 875 ct
737 832 1063 885 quinquaginta,

653 734 779 770 ¹1:1th
819 731 1063 777 duodecim,

597 919 599 925 ,
653 899 691 925 ct
747 887 860 925 diem
903 897 1064 930 unum:

353 939 442 977 <lica
474 953 572 977 vem
605 947 813 977 [rme-utos
840 933 1065 986 sexaginta

352 989 554 1039 mirumne
593 1001 635 1029 ct
671 989 755 1029 fere
793 1001 866 1027 sex
903 986 1065 1028 horas:

655 783 943 823 hebdomadas
955 783 1064 822 duas

1130 688 1250 721 tanto
1298 679 1413 721 enim
1466 679 1667 732 temporis
1711 680 1841 724 inter·

1129 732 1243 772 vallo
1261 731 1323 772 sol
1343 731 1574 773 Zodiacum
1648 732 1836 774 rlustrat.

1131 783 1297 833 Quater
1320 792 1466 824 autem
1492 798 1567 824 sex
1627 797 1727 825 orae
1757 783 1842 825 sin-

1129 833 1240 884 guiis
1292 834 1510 884 quaternis
1557 834 1681 876 annis
1726 835 1843 877 diem

1130 883 1423 932 constituunt:
1464 885 1564 928 hinc
1598 899 1737 927 annus
1769 886 1842 928 ille

1130 934 1408 984 intercalaris,
1422 935 1659 987 Bissextus‚
1669 937 1737 979 vel
1751 937 1843 980 Bis-

1129 985 1293 1027 sextilis
1310 967 1468 1028 dici'tur

420 1092 492 1127 DE
523 1090 661 1126 ANNI
697 1089 1093 1131 CORRECTIONE,
1134 1089 1367 1135 EJUSQUE
1399 1091 1781 1137 NECESSITATE,

670 1150 741 1186 AC
775 1148 1138 1185 KALENDARIO
1171 1149 1538 1189 GREGORIANO.

458 1227 588 1269 UOD
613 1226 775 1268 dietum
802 1235 882 1273 est,
901 1238 1061 1265 annum

482 1278 700 1320 continere
753 1286 964 1318 trecentos
1016 1284 1061 1316 et

349 1344 450 1372 sexa
482 1329 762 1390 ntaquinque
785 1327 893 1376 dies,
913 1337 957 1368 et
974 1327 1062 1369 sere

350 1396 424 1422 sex
491 1395 601 1430 oras,
630 1379 953 1439 intelligendum
980 1388 1061 1426 est,

349 1447 424 1473 sex
456 1432 582 1473 horas
618 1446 702 1473 non
737 1445 830 1472 esse
857 1429 1061 1481 integras,

350 1497 447 1524 cum
466 1484 522 1524 ad
541 1497 689 1524 earum
707 1483 1063 1542 complementum

348 1534 404 1576 ali
438 1548 493 1575 ua
512 1534 676 1575 minuta
693 1533 905 1594 deficiant.

443 1600 469 1626 x
500 1599 681 1636 quorum
709 1584 966 1625 minutorum
991 1595 1065 1623 ne-

351 1637 492 1689 glectu
559 1649 797 1696 rogi-essum
833 1647 912 1683 est,
941 1647 992 1675 ac
1027 1633 1062 1673 si

351 1702 488 1730 annus
506 1651 618 1729 nitra
636 1687 729 1730 dies
743 1689 815 1739 365
829 1685 1064 1728 contineret

352 1740 541 1791 integras
565 1753 640 1780 sex
667 1740 810 1784 horas:
836 1749 878 1779 et
906 1737 1065 1778 fanum

351 1801 432 1839 est,
453 1800 499 1831 ut
529 1790 705 1837 minuta,
725 1803 835 1840 quae
863 1790 974 1829 nitra
993 1790 1065 1829 de·

351 1842 486 1883 bitam
550 1841 805 1881 uantitatem
831 1839 955 1880 annis
981 1838 1065 1879 sin-

351 1892 462 1951 gulis
478 1892 529 1932 tri
563 1891 790 1951 uebantur,
805 1891 942 1932 tractu
962 1899 1065 1931 tem-

350 1957 464 1997 poris
492 1942 551 1984 ita
578 1942 858 1989 excreverint,
885 1951 933 1982 ut
961 1940 1067 1981 invi-

353 2008 445 2037 cem
469 1993 621 2053 juncta
649 1992 945 2034 constituerint
973 1992 1067 2034 dies

352 2048 516 2088 decem:
526 2044 782 2096 quimusam
791 2046 1015 2092 dederunt,
1018 2052 1067 2084 ut

351 2096 674 2149 AEquinod'tium
709 2109 887 2137 vernum
921 2096 1067 2137 sedem

353 2162 475 2191 suam
493 2147 732 2189 mutaverit.

404 2198 486 2242 Cui
515 2200 627 2241 malo
655 2212 880 2241 occurrens
905 2199 1069 2257 Grego-

353 2251 441 2293 rius
477 2250 610 2292 XIII.
634 2264 717 2291 non
747 2250 884 2291 solum
918 2248 1069 2309 AEqui-

354 2302 544 2344 noctium
587 2315 765 2343 vernum
800 2300 986 2342 restituit
1024 2299 1069 2341 in

354 2353 576 2413 pristinam
602 2353 762 2401 sedem,
781 2366 809 2393 a
826 2365 913 2403 qua
933 2352 1028 2411 jam
1043 2364 1070 2391 a

355 2404 547 2447 Concilio
577 2403 787 2451 Nioeeno,
815 2405 964 2445 decem
990 2402 1070 2444 cir-

355 2456 462 2497 citer
507 2455 659 2497 diebus
698 2454 743 2495 in
782 2468 895 2496 anno
933 2468 1070 2495 corre·

354 2506 506 2548 ebonis
520 2509 617 2558 1582
630 2506 924 2565 praecedendo
936 2518 1070 2546 reces-

355 2567 484 2606 serat,
535 2558 621 2598 uod
640 2571 665 2598 a
691 2556 882 2599 Concilio
907 2559 962 2597 ad
991 2556 1064 2606 xij.

359 2609 578 2650 Kalenas
606 2607 767 2667 Aprilis
801 2608 939 2649 fuerat
972 2621 1072 2649 con-

355 2659 568 2708 stitutum,
597 2667 640 2701 et
673 2657 758 2719 gxiv.
793 2658 960 2700 Lunam
992 2659 1071 2699 Pa·

356 2710 541 2752 sebalem
569 2723 648 2751 suo
672 2709 714 2751 in
740 2709 834 2751 loco
858 2709 1070 2770 reposuit.

356 2762 432 2802 sed
461 2760 574 2800 viam
609 2773 780 2811 quoque
816 2760 992 2802 tradidit
1028 2769 1072 2801 et

355 2811 578 2857 rationem.
605 2824 690 2862 qua
726 2823 915 2872 oevetur,
943 2822 990 2852 ut
1028 2811 1071 2852 in

356 2871 574 2913 posterum
587 2870 632 2903 et
733 2861 967 2904 uinoctium
980 2876 1073 2903 ver·

354 2926 472 2963 num,
500 2920 546 2953 et
579 2911 662 2953 xiv.
733 2926 820 2954 una
854 2912 1073 2955 Paschalis

1126 1238 1154 1265 a
1191 1225 1372 1276 propriis
1411 1226 1585 1268 sedibus
1623 1241 1843 1279 nunquam

1128 1288 1455 1319 removerentur.

1182 1327 1243 1369 Ut
1262 1327 1375 1369 enim

1130 1392 1231 1419 ιιιιιιι
1258 1381 1312 1420 ad
1340 1379 1412 1421 xii.

1130 1429 1436 1480 restitueretur,
1465 1431 1631 1480 statuit,
1658 1442 1707 1473 ut
1727 1396 1849 1474 dieti

1130 1482 1279 1522 decem
1299 1481 1422 1522 dies
1411 1497 1451 1523 ιιι
1474 1496 1617 1523 mense
1647 1483 1848 1525 Octobris

1130 1531 1264 1582 ipsius
1282 1533 1382 1574 anni
1409 1536 1520 1584 1582,
1540 1533 1846 1584 eximerentur,

1130 1592 1177 1623 ut
1209 1593 1304 1634 post
1338 1595 1533 1634 quartam
1570 1584 1684 1626 diem
1716 1586 1850 1628 octo-

1131 1632 1218 1674 bris
1237 1636 1383 1676 sancto
1414 1635 1636 1677 Francisco
1663 1650 1846 1686 sacram,

1209 1700 1315 1728 uens
1333 1686 1426 1729 dies
1445 1702 1528 1728 non
1547 1698 1658 1729 esset
1708 1687 1847 1737 uinta,

1132 1699 1206 1778 seg
1244 1738 1410 1779 decima
1444 1738 1595 1798 quinta
1715 1739 1843 1780 obris.

1136 1787 1219 1828 Et'
1208 1800 1268 1829 ita
1280 1804 1410 1835 error
1422 1789 1495 1841 qui
1514 1789 1554 1830 in
1570 1790 1851 1850 praeteritum

1133 1848 1194 1880 tot
1226 1854 1433 1881 annorum
1468 1840 1636 1882 circulis
1672 1841 1852 1901 irrepse-

1134 1900 1215 1938 rat,
1236 1890 1278 1931 in
1299 1901 1512 1934 momento
1539 1892 1741 1943 temporis
1769 1892 1853 1935 ruit

1134 1922 1359 1984 correctus.

1186 1993 1248 2035 Ut
1265 2004 1411 2035 autem
1429 1994 1471 2035 in
1491 2003 1721 2056 posterum
1735 1994 1853 2037 idem

1134 2057 1252 2086 error
1278 2044 1500 2094 vitaretur,
1521 2059 1575 2087 ne
1604 2059 1632 2087 a
1663 2045 1735 2087 xii.
1766 2047 1855 2087 Ka-

1133 2095 1283 2137 lendas
1325 2096 1486 2148 Aprilis
1528 2096 1854 2157 AEquinpctium

1135 2160 1313 2188 vernum
1328 2148 1558 2196 recederet,
1571 2147 1722 2189 statuit
1736 2147 1854 2190 idem

1136 2196 1385 2249 Gregorius,
1419 2197 1662 2240 Bissextum
1697 2208 1855 2251 quarto

1135 2262 1306 2309 quoque
1353 2263 1466 2291 anno
1506 2248 1588 2300 (uti
1634 2263 1726 2291 mos
1770 2250 1856 2301 est)

1135 2299 1373 2342 continuari
1438 2300 1610 2349 debere,
1668 2311 1858 2361 praeter-

1135 2365 1264 2402 quam
1284 2351 1326 2393 ἰιι
1352 2350 1594 2393 centesimis
1611 2352 1760 2398 annis;
1778 2351 1855 2404 qui

1135 2402 1331 2453 quamvis
1346 2402 1593 2444 Bissextiles
1602 2413 1732 2445 antea
1745 2417 1858 2445 sem-

1137 2468 1214 2505 per
1230 2453 1403 2502 fuerint,
1422 2454 1593 2505 qualem
1611 2454 1740 2496 etiam
1758 2469 1856 2498 esse

1136 2504 1271 2546 voluit
1297 2519 1457 2545 annum
1487 2507 1585 2547 1600
1618 2519 1732 2548 anno
1763 2520 1857 2548 001·-

1137 2555 1335 2598 rectionis
1353 2555 1607 2616 proximum,
1630 2566 1727 2609 post
1755 2572 1857 2600 eum

1137 2617 1282 2648 tamen
1335 2606 1408 2658 qui
1461 2607 1664 2667 deinceps
1707 2622 1857 2651 conse-

1168 2668 1322 2700 uentur
1339 2657 1574 2707 centesimi,
1593 2672 1678 2700 non
1705 2673 1856 2702 omnes

1179 2709 1389 2751 issextiles
1415 2718 1571 2758 essent,
1592 2710 1700 2751 sed
1688 2724 1733 2752 ιιι
1750 2725 1857 2771 qua-

1138 2760 1378 2821 dringentis
1436 2760 1679 2812 quibusque
1730 2762 1856 2804 annis

1139 2825 1262 2872 prum
1303 2826 1467 2872 quique
1510 2821 1596 2853 tres
1631 2812 1857 2856 centesimi

1139 2862 1232 2904 sine
1265 2862 1461 2905 Bissexto
1492 2863 1857 2925 transigerentur:

1140 2923 1319 2966 quartus
1344 2927 1445 2956 vero
1468 2913 1651 2966 quisque
1677 2914 1860 2959 centesi-

1490 1328 1724 1371 uinoctium
1753 1345 1857 1372 ver--

1512 1381 1659 1422 lendas
1685 1381 1848 1432 Aprilis
