2050 3392
196 410 269 468 R?-
292 417 455 466 Inveni
478 420 633 467 David
649 435 832 468 servum

71 478 72 485 ’
124 491 305 531 meum,
353 479 458 525 όῐεο
508 481 674 527 sancto
725 495 833 528 meo

125 539 241 583 unxi
274 552 417 585 eum:
447 538 469 558 ⁴
499 540 677 585 Manus
706 542 832 586 enirn

125 610 237 642 mea
252 597 550 644 auxiliabitur
562 600 619 644 ei.
665 594 727 649 'JV-
747 600 833 645 Ni-

123 656 188 700 hil
209 657 425 714 proficiet
448 659 666 703 inimicus
686 659 734 703 in
756 672 827 710 eo.

121 724 168 759 et
195 715 319 761 silius
340 717 603 774 iniquitatis
623 731 721 762 non
751 731 834 762 no-

122 774 251 819 cebit
273 776 584 821 ei.-Manus.

184 858 356 904 Sermo
378 859 529 904 sanc'ti
549 860 784 907 Ambrdsii

367 917 603 976 Episcopi.

121 974 200 1021 De
221 974 276 1021 S.
298 976 501 1023 Eusebio
525 979 615 1023 lxx.
635 978 694 1023 vi.
714 980 825 1025 edit.

355 1036 617 1086 Romanae.
819 1066 824 1072 -

379 1099 541 1142 Lec‘no
565 1112 606 1142 ν.

334 1188 426 1236 ΡΟ
435 1189 468 1236 S
478 1189 499 1235 1
509 1190 584 1236 TI
599 1190 644 1238 Ο
658 1191 705 1237 N
720 1192 761 1237 E
774 1192 828 1238 M

308 1249 460 1295 sancti
488 1250 674 1296 Eusebii
690 1251 831 1298 h6die

120 1306 433 1354 celebramus.
499 1309 626 1365 Quid
650 1319 720 1356 est
748 1311 828 1355 de-

119 1366 336 1423 positio?
357 1367 471 1413 Non
522 1370 600 1414 illa
646 1368 823 1428 titique,

118 1439 259 1482 quae,
308 1427 588 1485 sepeliendis
627 1429 676 1474 in
706 1438 829 1474 terra

118 1485 444 1531 membrdrum
459 1488 679 1546 reliquiis,
700 1489 829 1533 cleri-

118 1544 286 1590 cdrum
302 1546 521 1592 manibus
533 1548 824 1606 procuratur,

119 1605 202 1649 sed
225 1605 329 1657 illa,
363 1619 460 1663 qua
473 1606 619 1652 homo
633 1607 830 1651 vinculis

118 1665 392 1711 carnalibus
422 1664 681 1718 absolutus,
716 1666 831 1711 liber

119 1723 270 1770 iturus
293 1725 357 1769 ad
373 1725 573 1776 coelum,
595 1725 827 1770 terrenum

119 1796 298 1842 corpus
319 1783 525 1841 expdnit.
593 1784 705 1842 Ipsa
732 1784 830 1841 pla-

120 1855 178 1886 ne
192 1851 265 1888 est
281 1843 532 1901 depositio.
546 1843 594 1887 in
608 1857 704 1900 qua
718 1856 830 1888 con-

120 1902 369 1958 cupiscere
388 1902 652 1960 abjicimus.
678 1903 830 1948 cessa-

120 1973 228 2004 mus
291 1961 575 2019 delinquere,
631 1962 828 2020 peccAre

120 2019 401 2072 desinimus,
431 2028 476 2065 et
507 2028 659 2066 totum
692 2021 828 2079 quid-

119 2080 235 2135 quid
259 2078 399 2124 salt'tti
422 2088 491 2125 est
510 2093 666 2138 grave,
692 2082 826 2138 quasi

119 2137 310 2195 abjecta
324 2138 506 2183 sascina
520 2138 673 2184 &neris
685 2138 828 2197 exp&-

119 2197 293 2242 nimus.
363 2197 491 2242 Nam
551 2198 659 2244 ideo
709 2199 827 2244 haec

119 2256 220 2301 dies
252 2270 343 2314 pro
375 2257 640 2302 celebritate
679 2257 827 2303 maxi-

118 2327 198 2358 ma
239 2317 536 2374 procuratur,
571 2317 683 2373 quia
721 2331 827 2363 vere

120 2380 189 2418 est
217 2387 408 2419 summa
434 2376 673 2426 festivitas,
704 2375 827 2421 πιότ-

120 2438 253 2477 tuum
279 2447 383 2478 esse
404 2434 540 2487 vitiis,
562 2435 650 2479 soli
671 2435 828 2492 vigere

115 2491 342 2548 justitiae.

194 2545 263 2601 IV·
285 2552 425 2598 Pcsui
447 2552 734 2611 adjutdriurn
751 2566 826 2599 su-

119 2623 206 2666 per
246 2612 506 2668 potentem,
544 2621 590 2657 et
626 2612 824 2657 exaltavi

119 2669 323 2715 eie-stum
367 2672 428 2716 de
467 2672 605 2729 plebe
639 2685 774 2716 mea:
811 2668 840 2692 ⁴*

121 2727 300 2775 Manus
317 2731 442 2776 enim
459 2744 565 2776 mea
580 2731 824 2776 auxiliabi-

71 2805 72 2832 ἢ
120 2794 196 2833 tur
210 2790 269 2834 ei.
305 2779 368 2837 V·
381 2790 542 2836 Inveni
560 2791 714 2835 David
731 2803 825 2836 ser-

120 2860 230 2892 vum
247 2849 533 2900 meum,61eo
542 2849 707 2896 sancto
716 2863 824 2895 meo

122 2908 234 2953 unxi
256 2909 623 2955 eum.—-Manus
643 2909 783 2955 enim.

229 3081 354 3125 Pars
377 3080 419 3125 A
429 3083 708 3127 utumnalts.

383 285 498 341 Die
519 284 592 341 26
615 287 785 357 Sept„
809 289 871 343 S.
898 289 958 343 E
960 289 1152 360 usebii,
1177 291 1245 348 P.
1276 293 1334 348 C.

855 2915 861 2955 ί
906 2901 1056 2952 Οότίε,
1080 2907 1217 2954 Patri.
1286 2910 1406 2967 Ipse.

1449 291 1604 348 ccxli.

1138 443 1301 490 Lecffio
1324 445 1379 490 vi.

1114 542 1160 587 D
1175 542 1217 588 E
1249 551 1296 588 et
1347 542 1604 602 depositid·

1069 602 1142 647 nis
1172 602 1274 660 ipsa
1302 603 1401 649 dies
1431 604 1603 649 natalis

895 657 1080 712 dicitur,
1131 662 1262 719 quod
1317 661 1601 709 delic'tdrum

895 717 1083 764 carcere
1094 720 1288 772 liberati,
1302 721 1503 766 libertati
1517 722 1601 766 na-

896 776 1069 821 scimur
1091 778 1358 825 SalvatdriS.
1417 780 1512 825 Sed
1533 780 1599 826 vi-

896 834 1109 888 deamus,
1139 838 1334 884 sanctus
1364 838 1599 885 Eusebius

894 907 1003 938 cum
1046 908 1142 952 qua
1180 896 1332 954 gldria
1371 899 1433 943 ad
1474 899 1599 945 hanc

893 953 1021 998 diem
1055 954 1364 1010 depositionis
1399 957 1600 1004 advene·

893 1012 964 1057 rit.
1031 1011 1205 1058 Volare
1265 1027 1363 1060 non
1422 1024 1592 1074 potest,

894 1071 980 1117 nisi
1002 1073 1136 1131 quod
1157 1086 1345 1132 purum,
1381 1074 1493 1126 leve,
1529 1084 1600 1121 at-

892 1144 987 1188 que
1022 1132 1195 1178 subtsse
1225 1141 1310 1185 est,
1347 1135 1482 1191 cujus
1512 1147 1599 1180 nec

892 1190 1135 1238 sinceritas
1155 1192 1515 1251 intemperantia
1529 1207 1599 1240 re-

892 1250 1119 1304 tardatur,
1145 1265 1232 1297 nec
1253 1251 1483 1305 alacritas.
1509 1266 1598 1299 nec

891 1309 1115 1356 veldcitas
1166 1312 1291 1357 mole
1376 1311 1595 1358 ravatur:

889 1370 1075 1426 gravari
1087 1379 1247 1416 autern
1257 1372 1332 1417 vol
1365 1379 1466 1416 tum
1475 1371 1599 1424 dico,

892 1442 989 1474 non
1039 1437 1137 1475 tam
1189 1431 1314 1476 mole
1362 1430 1597 1477 membr&-
1656 1471 1660 1474 Α

891 1501 1009 1539 rum,
1058 1502 1204 1547 quam
1254 1489 1464 1547 pdndere
1515 1491 1596 1535 de-

891 1547 1127 1593 lidtdrum.
1157 1548 1302 1593 Unde
1313 1556 1433 1606 puto
1454 1549 1595 1595 etiam

892 1607 938 1650 in
961 1607 974 1650 i
1013 1607 1076 1652 sis
1089 1605 1253 1652 avibus
1268 1607 1377 1652 ideo
1393 1606 1600 1654 veldcius

892 1620 1164 1711 colebam
1187 1679 1308 1724 pene
1323 1679 1435 1725 prae
1447 1666 1598 1713 bmni-

892 1726 983 1770 bus
1002 1725 1212 1777 volitare,
1271 1726 1369 1771 uod
1385 1726 1597 1772 alacrita-

893 1791 1004 1838 tem,
1031 1792 1077 1829 et
1103 1785 1246 1829 innoc
1275 1786 1420 1830 utiam
1451 1786 1596 1831 comi-

893 1841 1029 1888 tetur.
1071 1843 1259 1889 Volavit
1275 1857 1387 1900 ergo
1409 1845 1499 1889 hac
1520 1845 1597 1889 die

892 1902 1087 1948 sandtus
1130 1903 1363 1949 Eusebius
1396 1917 1408 1948 ε
1459 1904 1597 1949 aesti-

894 1962 1078 2007 memus
1109 1963 1208 2021 jam
1241 1963 1341 2020 ejus
1375 1963 1599 2008 innocen·

892 2021 1006 2065 tiam
1016 2022 1078 2065 de
1092 2022 1264 2072 volatu,
1282 2029 1329 2066 et
1342 2023 1595 2080 puritatem

891 2080 993 2137 ejus
1015 2081 1077 2125 de
1092 2081 1195 2139 ipsa
1208 2082 1408 2127 elatidne
1416 2080 1598 2140 judice·

892 2152 1011 2184 mus.
1076 2140 1346 2198 Tamquam
1374 2140 1598 2186 columba

892 2199 1016 2243 enim
1040 2199 1086 2244 in
1110 2201 1256 2245 domo
1279 2200 1367 2244 Dei
1396 2202 1590 2257 degens.

892 2258 1165 2315 assumpsit·
1199 2259 1431 2316 spirit-:iles
1481 2271 1596 2315 pen-

892 2330 990 2369 nas,
1017 2325 1066 2362 et
1087 2317 1310 2374 requievit
1331 2318 1379 2361 in
1402 2324 1578 2361 monte.

976 2379 1050 2425 Rr.
1071 2376 1165 2420 Iste
1224 2384 1292 2421 est
1351 2377 1432 2433 qui
1483 2383 1596 2420 ante

893 2433 1051 2479 Deum
1068 2448 1266 2492 magnas
1280 2434 1470 2480 virtutes
1484 2447 1597 2492 ope-

892 2493 1021 2538 ratus
1061 2501 1146 2544 est,
1193 2501 1238 2538 et
1279 2495 1432 2538 omnis
1472 2502 1597 2538 terra

893 2551 1111 2597 doctriua
1130 2553 1231 2609 ejus
1251 2554 1429 2610 repleta
1443 2560 1511 2597 est
1535 2566 1545 2596 τ
1587 2547 1616 2572 *

894 2611 1004 2667 Ipse
1035 2611 1292 2656 intercedat
1320 2626 1407 2669 pro
1431 2610 1601 2670 pecca-

892 2671 952 2715 tis
968 2669 1182 2715 bmnium
1200 2670 1498 2728 populdrum.
1541 2662 1610 2724 W.

894 2730 988 2775 Iste
1045 2737 1116 2775 est
1176 2730 1256 2787 qui
1309 2730 1594 2788 contempsit

891 2790 1036 2835 vitam
1078 2790 1258 2842 mundi,
1303 2797 1350 2835 et
1385 2790 1595 2849 pervenit

890 2850 951 2893 ad
983 2848 1205 2894 coelestia
1234 2850 1590 2907 regnae—Ipse.
