<?xml version="1.0" encoding="UTF-8"?>
<!DOCTYPE html PUBLIC "-//W3C//DTD XHTML 1.0 Transitional//EN"
    "http://www.w3.org/TR/xhtml1/DTD/xhtml1-transitional.dtd">
<html xmlns="http://www.w3.org/1999/xhtml" xml:lang="en" lang="en">
 <head>
  <title>
</title>
<meta http-equiv="Content-Type" content="text/html;charset=utf-8" />
  <meta name='ocr-system' content='tesseract 3.04.00' />
  <meta name='ocr-capabilities' content='ocr_page ocr_carea ocr_par ocr_line ocrx_word'/>
</head>
<body>
  <div class='ocr_page' id='page_1' title='image "./breviariumroman03churgoog_0226.png"; bbox 0 0 2050 3392; ppageno 0'>
   <div class='ocr_carea' id='block_1_1' title="bbox 135 1260 915 1306">
    <p class='ocr_par' dir='ltr' id='par_1_1' title="bbox 135 1260 915 1306">
     <span class='ocr_line' id='line_1_1' title="bbox 135 1260 915 1306; baseline 0 -1"><span class='ocrx_word' id='word_1_1' title='bbox 135 1287 136 1290; x_wconf 63' lang='lat'><em>=</em></span> <span class='ocrx_word' id='word_1_2' title='bbox 202 1269 273 1305; x_wconf 58' lang='lat' dir='ltr'><strong>tes</strong></span> <span class='ocrx_word' id='word_1_3' title='bbox 298 1260 353 1306; x_wconf 74' lang='lat'><strong>2*</strong></span> <span class='ocrx_word' id='word_1_4' title='bbox 368 1268 416 1305; x_wconf 92' lang='lat' dir='ltr'><strong>et</strong></span> <span class='ocrx_word' id='word_1_5' title='bbox 433 1260 622 1305; x_wconf 72' lang='lat' dir='ltr'>contriti</span> <span class='ocrx_word' id='word_1_6' title='bbox 645 1268 757 1305; x_wconf 91' lang='lat' dir='ltr'><strong>sunt</strong></span> <span class='ocrx_word' id='word_1_7' title='bbox 777 1274 915 1305; x_wconf 63' lang='lat' dir='ltr'><strong>mon⁴</strong></span> 
     </span>
    </p>
   </div>
   <div class='ocr_carea' id='block_1_2' title="bbox 132 2683 518 2731">
    <p class='ocr_par' dir='ltr' id='par_1_2' title="bbox 132 2683 518 2731">
     <span class='ocr_line' id='line_1_2' title="bbox 132 2683 518 2731; baseline 0 0"><span class='ocrx_word' id='word_1_8' title='bbox 132 2683 143 2704; x_wconf 72' lang='lat'>⁷</span> <span class='ocrx_word' id='word_1_9' title='bbox 180 2705 183 2708; x_wconf 97' lang='lat'>·</span> <span class='ocrx_word' id='word_1_10' title='bbox 237 2706 273 2724; x_wconf 55' lang='lat'><strong>¹1:</strong></span> <span class='ocrx_word' id='word_1_11' title='bbox 288 2700 311 2731; x_wconf 92' lang='lat' dir='ltr'><strong>s</strong></span> <span class='ocrx_word' id='word_1_12' title='bbox 331 2684 518 2731; x_wconf 74' lang='lat' dir='ltr'><strong>levavit.</strong></span> 
     </span>
    </p>
   </div>
   <div class='ocr_carea' id='block_1_3' title="bbox 546 248 1684 316">
    <p class='ocr_par' dir='ltr' id='par_1_3' title="bbox 546 248 1684 316">
     <span class='ocr_line' id='line_1_3' title="bbox 546 248 1684 316; baseline -0.002 -16"><span class='ocrx_word' id='word_1_13' title='bbox 546 248 725 300; x_wconf 81' lang='lat' dir='ltr'><strong>Ferz‘a</strong></span> <span class='ocrx_word' id='word_1_14' title='bbox 749 252 905 301; x_wconf 80' lang='lat' dir='ltr'><strong>sexta</strong></span> <span class='ocrx_word' id='word_1_15' title='bbox 930 248 1011 301; x_wconf 87' lang='lat' dir='ltr'><strong>ad</strong></span> <span class='ocrx_word' id='word_1_16' title='bbox 1031 248 1264 303; x_wconf 80' lang='lat' dir='ltr'><em>Laudes.</em></span> <span class='ocrx_word' id='word_1_17' title='bbox 1588 260 1684 316; x_wconf 81' lang='lat'><strong>115</strong></span> 
     </span>
    </p>
   </div>
   <div class='ocr_carea' id='block_1_4' title="bbox 197 367 1691 1259">
    <p class='ocr_par' dir='ltr' id='par_1_4' title="bbox 197 367 1691 536">
     <span class='ocr_line' id='line_1_4' title="bbox 255 367 1691 427; baseline 0.001 -12"><span class='ocrx_word' id='word_1_18' title='bbox 255 369 388 415; x_wconf 85' lang='lat' dir='ltr'><strong>Deus</strong></span> <span class='ocrx_word' id='word_1_19' title='bbox 408 370 475 414; x_wconf 89' lang='lat' dir='ltr'><strong>ab</strong></span> <span class='ocrx_word' id='word_1_20' title='bbox 495 369 681 414; x_wconf 86' lang='lat' dir='ltr'>Austro</span> <span class='ocrx_word' id='word_1_21' title='bbox 714 367 917 421; x_wconf 56' lang='lat' dir='ltr'><strong>venien*</strong></span> <span class='ocrx_word' id='word_1_22' title='bbox 980 369 1233 427; x_wconf 75' lang='lat' dir='ltr'><strong>splendere</strong></span> <span class='ocrx_word' id='word_1_23' title='bbox 1282 368 1564 427; x_wconf 73' lang='lat' dir='ltr'><strong>fulgurantis</strong></span> <span class='ocrx_word' id='word_1_24' title='bbox 1605 370 1691 417; x_wconf 88' lang='lat' dir='ltr'><strong>ha·</strong></span> 
     </span>
     <span class='ocr_line' id='line_1_5' title="bbox 197 428 1230 475; baseline 0.001 -2"><span class='ocrx_word' id='word_1_25' title='bbox 197 436 242 473; x_wconf 90' lang='lat' dir='ltr'><strong>et</strong></span> <span class='ocrx_word' id='word_1_26' title='bbox 267 428 465 473; x_wconf 75' lang='lat' dir='ltr'><strong>sanetus</strong></span> <span class='ocrx_word' id='word_1_27' title='bbox 498 429 563 472; x_wconf 91' lang='lat' dir='ltr'><strong>de</strong></span> <span class='ocrx_word' id='word_1_28' title='bbox 594 435 762 473; x_wconf 86' lang='lat' dir='ltr'><strong>monte</strong></span> <span class='ocrx_word' id='word_1_29' title='bbox 794 428 916 474; x_wconf 84' lang='lat' dir='ltr'><strong>Pha-</strong></span> <span class='ocrx_word' id='word_1_30' title='bbox 980 436 1083 474; x_wconf 89' lang='lat' dir='ltr'><strong>stae</strong></span> <span class='ocrx_word' id='word_1_31' title='bbox 1104 437 1230 475; x_wconf 89' lang='lat' dir='ltr'><strong>tuae.</strong></span> 
     </span>
     <span class='ocr_line' id='line_1_6' title="bbox 197 488 1687 536; baseline 0.003 -4"><span class='ocrx_word' id='word_1_32' title='bbox 197 502 313 532; x_wconf 88' lang='lat' dir='ltr'><strong>ran:</strong></span> <span class='ocrx_word' id='word_1_33' title='bbox 1042 488 1116 532; x_wconf 86' lang='lat' dir='ltr'><strong>In‘</strong></span> <span class='ocrx_word' id='word_1_34' title='bbox 1150 488 1342 534; x_wconf 84' lang='lat' dir='ltr'><strong>fremitu</strong></span> <span class='ocrx_word' id='word_1_35' title='bbox 1388 489 1687 536; x_wconf 73' lang='lat' dir='ltr'><strong>conculcabis</strong></span> 
     </span>
    </p>

    <p class='ocr_par' dir='ltr' id='par_1_5' title="bbox 200 547 1689 724">
     <span class='ocr_line' id='line_1_7' title="bbox 257 547 1689 605; baseline 0.001 -12"><span class='ocrx_word' id='word_1_36' title='bbox 257 547 459 605; x_wconf 89' lang='lat' dir='ltr'><strong>Operuit</strong></span> <span class='ocrx_word' id='word_1_37' title='bbox 530 548 693 593; x_wconf 90' lang='lat' dir='ltr'><strong>coelos</strong></span> <span class='ocrx_word' id='word_1_38' title='bbox 763 547 916 604; x_wconf 77' lang='lat' dir='ltr'><strong>gleria</strong></span> <span class='ocrx_word' id='word_1_39' title='bbox 978 555 1151 593; x_wconf 87' lang='lat' dir='ltr'><strong>terram</strong></span> <span class='ocrx_word' id='word_1_40' title='bbox 1179 562 1189 593; x_wconf 77' lang='lat' dir='ltr'><em>z</em></span> <span class='ocrx_word' id='word_1_41' title='bbox 1213 548 1240 572; x_wconf 75' lang='lat'><strong>⁴*</strong></span> <span class='ocrx_word' id='word_1_42' title='bbox 1261 548 1308 592; x_wconf 88' lang='lat' dir='ltr'><strong>in</strong></span> <span class='ocrx_word' id='word_1_43' title='bbox 1340 547 1498 593; x_wconf 77' lang='lat' dir='ltr'><strong>furere</strong></span> <span class='ocrx_word' id='word_1_44' title='bbox 1527 550 1689 595; x_wconf 90' lang='lat' dir='ltr'><strong>obstu-</strong></span> 
     </span>
     <span class='ocr_line' id='line_1_8' title="bbox 201 606 1400 665; baseline 0.002 -14"><span class='ocrx_word' id='word_1_45' title='bbox 201 608 300 665; x_wconf 85' lang='lat' dir='ltr'><strong>ejus</strong></span> <span class='ocrx_word' id='word_1_46' title='bbox 322 622 332 652; x_wconf 74' lang='grc' dir='ltr'>ε</span> <span class='ocrx_word' id='word_1_47' title='bbox 351 607 377 629; x_wconf 72' lang='lat'><strong>⁴*</strong></span> <span class='ocrx_word' id='word_1_48' title='bbox 399 615 448 653; x_wconf 89' lang='lat' dir='ltr'><strong>et</strong></span> <span class='ocrx_word' id='word_1_49' title='bbox 470 607 630 652; x_wconf 85' lang='lat' dir='ltr'><strong>laudis</strong></span> <span class='ocrx_word' id='word_1_50' title='bbox 651 608 754 665; x_wconf 89' lang='lat' dir='ltr'><strong>ejus</strong></span> <span class='ocrx_word' id='word_1_51' title='bbox 776 607 914 664; x_wconf 88' lang='lat' dir='ltr'><strong>plena</strong></span> <span class='ocrx_word' id='word_1_52' title='bbox 980 606 1186 665; x_wconf 77' lang='lat' dir='ltr'><strong>pesacies</strong></span> <span class='ocrx_word' id='word_1_53' title='bbox 1208 607 1400 653; x_wconf 83' lang='lat' dir='ltr'><strong>Gentes.</strong></span> 
     </span>
     <span class='ocr_line' id='line_1_9' title="bbox 200 667 1685 724; baseline 0.001 -12"><span class='ocrx_word' id='word_1_54' title='bbox 200 675 270 712; x_wconf 85' lang='lat' dir='ltr'><strong>est</strong></span> <span class='ocrx_word' id='word_1_55' title='bbox 290 674 428 713; x_wconf 88' lang='lat' dir='ltr'><strong>terra.</strong></span> <span class='ocrx_word' id='word_1_56' title='bbox 841 707 845 709; x_wconf 71' lang='grc'>,</span> <span class='ocrx_word' id='word_1_57' title='bbox 1041 667 1273 724; x_wconf 87' lang='lat' dir='ltr'><strong>Egressus</strong></span> <span class='ocrx_word' id='word_1_58' title='bbox 1314 680 1365 716; x_wconf 87' lang='lat' dir='ltr'><strong>es</strong></span> <span class='ocrx_word' id='word_1_59' title='bbox 1406 668 1456 712; x_wconf 91' lang='lat' dir='ltr'><strong>in</strong></span> <span class='ocrx_word' id='word_1_60' title='bbox 1487 667 1685 713; x_wconf 74' lang='lat' dir='ltr'><strong>salutem</strong></span> 
     </span>
    </p>

    <p class='ocr_par' dir='ltr' id='par_1_6' title="bbox 199 724 1685 843">
     <span class='ocr_line' id='line_1_10' title="bbox 258 724 1685 784; baseline 0.002 -14"><span class='ocrx_word' id='word_1_61' title='bbox 258 726 497 782; x_wconf 86' lang='lat' dir='ltr'>Splendor</span> <span class='ocrx_word' id='word_1_62' title='bbox 508 725 613 783; x_wconf 77' lang='lat' dir='ltr'><strong>eJus</strong></span> <span class='ocrx_word' id='word_1_63' title='bbox 621 732 675 770; x_wconf 88' lang='lat' dir='ltr'><strong>ut</strong></span> <span class='ocrx_word' id='word_1_64' title='bbox 684 726 765 771; x_wconf 86' lang='lat' dir='ltr'><strong>lux</strong></span> <span class='ocrx_word' id='word_1_65' title='bbox 778 726 864 770; x_wconf 88' lang='lat' dir='ltr'><strong>erit</strong></span> <span class='ocrx_word' id='word_1_66' title='bbox 874 724 914 771; x_wconf 74' lang='lat' dir='ltr'><strong>z*</strong></span> <span class='ocrx_word' id='word_1_67' title='bbox 978 725 1142 784; x_wconf 77' lang='lat' dir='ltr'><strong>populi</strong></span> <span class='ocrx_word' id='word_1_68' title='bbox 1158 726 1225 771; x_wconf 92' lang='lat' dir='ltr'><strong>tui</strong></span> <span class='ocrx_word' id='word_1_69' title='bbox 1235 741 1245 771; x_wconf 71' lang='grc' dir='ltr'>ι</span> <span class='ocrx_word' id='word_1_70' title='bbox 1255 724 1282 749; x_wconf 77' lang='lat'><em>*</em></span> <span class='ocrx_word' id='word_1_71' title='bbox 1298 726 1347 772; x_wconf 87' lang='lat' dir='ltr'><strong>in</strong></span> <span class='ocrx_word' id='word_1_72' title='bbox 1364 727 1564 773; x_wconf 74' lang='lat' dir='ltr'><strong>salutem</strong></span> <span class='ocrx_word' id='word_1_73' title='bbox 1577 742 1685 773; x_wconf 88' lang='lat' dir='ltr'><strong>cum</strong></span> 
     </span>
     <span class='ocr_line' id='line_1_11' title="bbox 199 784 1314 843; baseline 0 -12"><span class='ocrx_word' id='word_1_74' title='bbox 199 785 378 834; x_wconf 76' lang='lat' dir='ltr'><strong>cernua</strong></span> <span class='ocrx_word' id='word_1_75' title='bbox 399 786 449 829; x_wconf 92' lang='lat' dir='ltr'><strong>in</strong></span> <span class='ocrx_word' id='word_1_76' title='bbox 470 784 697 829; x_wconf 79' lang='lat' dir='ltr'><strong>manibus</strong></span> <span class='ocrx_word' id='word_1_77' title='bbox 718 787 819 843; x_wconf 89' lang='lat' dir='ltr'><strong>ejus</strong></span> <span class='ocrx_word' id='word_1_78' title='bbox 841 798 852 829; x_wconf 72' lang='grc' dir='ltr'><strong><em>ε</em></strong></span> <span class='ocrx_word' id='word_1_79' title='bbox 983 785 1174 831; x_wconf 89' lang='lat' dir='ltr'><strong>Christo</strong></span> <span class='ocrx_word' id='word_1_80' title='bbox 1196 794 1281 831; x_wconf 91' lang='lat' dir='ltr'><strong>tuo</strong></span> <span class='ocrx_word' id='word_1_81' title='bbox 1304 800 1314 831; x_wconf 89' lang='lat'>:</span> 
     </span>
    </p>

    <p class='ocr_par' dir='ltr' id='par_1_7' title="bbox 200 844 1686 1021">
     <span class='ocr_line' id='line_1_12' title="bbox 260 844 1686 903; baseline 0.004 -15"><span class='ocrx_word' id='word_1_82' title='bbox 260 845 335 889; x_wconf 87' lang='lat' dir='ltr'><strong>Ibi</strong></span> <span class='ocrx_word' id='word_1_83' title='bbox 363 844 655 890; x_wconf 75' lang='lat' dir='ltr'><strong>abscendita</strong></span> <span class='ocrx_word' id='word_1_84' title='bbox 682 852 753 889; x_wconf 89' lang='lat' dir='ltr'><strong>est</strong></span> <span class='ocrx_word' id='word_1_85' title='bbox 783 844 913 889; x_wconf 87' lang='lat' dir='ltr'><strong>forti-</strong></span> <span class='ocrx_word' id='word_1_86' title='bbox 1041 845 1314 890; x_wconf 83' lang='lat' dir='ltr'><strong>Percussisti</strong></span> <span class='ocrx_word' id='word_1_87' title='bbox 1344 854 1487 903; x_wconf 88' lang='lat' dir='ltr'><strong>caput</strong></span> <span class='ocrx_word' id='word_1_88' title='bbox 1510 848 1572 892; x_wconf 89' lang='lat' dir='ltr'><strong>de</strong></span> <span class='ocrx_word' id='word_1_89' title='bbox 1600 848 1686 893; x_wconf 90' lang='lat' dir='ltr'><strong>do-</strong></span> 
     </span>
     <span class='ocr_line' id='line_1_13' title="bbox 201 902 910 963; baseline 0 -15"><span class='ocrx_word' id='word_1_90' title='bbox 201 903 320 949; x_wconf 76' lang='lat' dir='ltr'><strong>tudo</strong></span> <span class='ocrx_word' id='word_1_91' title='bbox 350 905 454 963; x_wconf 91' lang='lat' dir='ltr'><strong>ejus</strong></span> <span class='ocrx_word' id='word_1_92' title='bbox 494 918 504 949; x_wconf 94' lang='lat'><strong>:</strong></span> <span class='ocrx_word' id='word_1_93' title='bbox 538 902 566 926; x_wconf 70' lang='lat'><em>*</em></span> <span class='ocrx_word' id='word_1_94' title='bbox 597 911 712 948; x_wconf 88' lang='lat' dir='ltr'><strong>ante</strong></span> <span class='ocrx_word' id='word_1_95' title='bbox 741 903 910 949; x_wconf 78' lang='lat' dir='ltr'><strong>faciem</strong></span> 
     </span>
     <span class='ocr_line' id='line_1_14' title="bbox 200 963 578 1021; baseline 0 -13"><span class='ocrx_word' id='word_1_96' title='bbox 200 964 304 1021; x_wconf 89' lang='lat' dir='ltr'><strong>ejus</strong></span> <span class='ocrx_word' id='word_1_97' title='bbox 322 963 411 1008; x_wconf 84' lang='lat' dir='ltr'>ibit</span> <span class='ocrx_word' id='word_1_98' title='bbox 432 976 578 1008; x_wconf 73' lang='grc' dir='ltr'>ωσι-5.</span> 
     </span>
    </p>

    <p class='ocr_par' dir='ltr' id='par_1_8' title="bbox 197 1021 912 1187">
     <span class='ocr_line' id='line_1_15' title="bbox 260 1021 912 1079; baseline 0 -11"><span class='ocrx_word' id='word_1_99' title='bbox 260 1022 325 1068; x_wconf 89' lang='lat' dir='ltr'><strong>Et</strong></span> <span class='ocrx_word' id='word_1_100' title='bbox 373 1022 645 1079; x_wconf 87' lang='lat' dir='ltr'><strong>egredietur</strong></span> <span class='ocrx_word' id='word_1_101' title='bbox 694 1021 912 1068; x_wconf 55' lang='lat' dir='ltr'><strong>diabolus</strong></span> 
     </span>
     <span class='ocr_line' id='line_1_16' title="bbox 200 1080 911 1139; baseline -0.001 -11"><span class='ocrx_word' id='word_1_102' title='bbox 200 1088 314 1128; x_wconf 78' lang='lat' dir='ltr'><strong>ante</strong></span> <span class='ocrx_word' id='word_1_103' title='bbox 333 1083 480 1139; x_wconf 60' lang='lat' dir='ltr'><strong>pedes</strong></span> <span class='ocrx_word' id='word_1_104' title='bbox 512 1080 661 1138; x_wconf 67' lang='lat' dir='ltr'><strong>ejus*</strong></span> <span class='ocrx_word' id='word_1_105' title='bbox 685 1082 837 1135; x_wconf 88' lang='lat' dir='ltr'><strong>Stetit,</strong></span> <span class='ocrx_word' id='word_1_106' title='bbox 865 1090 911 1127; x_wconf 91' lang='lat' dir='ltr'><strong>et</strong></span> 
     </span>
     <span class='ocr_line' id='line_1_17' title="bbox 197 1148 699 1187; baseline 0.004 -2"><span class='ocrx_word' id='word_1_107' title='bbox 197 1154 395 1186; x_wconf 86' lang='lat' dir='ltr'><strong>mensus</strong></span> <span class='ocrx_word' id='word_1_108' title='bbox 416 1149 485 1187; x_wconf 90' lang='lat' dir='ltr'><strong>est</strong></span> <span class='ocrx_word' id='word_1_109' title='bbox 511 1148 699 1187; x_wconf 84' lang='lat' dir='ltr'><strong>terram.</strong></span> 
     </span>
    </p>

    <p class='ocr_par' dir='ltr' id='par_1_9' title="bbox 259 1200 914 1259">
     <span class='ocr_line' id='line_1_18' title="bbox 259 1200 914 1259; baseline -0.002 -13"><span class='ocrx_word' id='word_1_110' title='bbox 259 1201 473 1259; x_wconf 85' lang='lat' dir='ltr'><strong>Aspexit,</strong></span> <span class='ocrx_word' id='word_1_111' title='bbox 490 1208 537 1245; x_wconf 88' lang='lat' dir='ltr'><strong>et</strong></span> <span class='ocrx_word' id='word_1_112' title='bbox 554 1200 770 1246; x_wconf 81' lang='lat' dir='ltr'><strong>dissolvit</strong></span> <span class='ocrx_word' id='word_1_113' title='bbox 787 1201 914 1246; x_wconf 86' lang='lat' dir='ltr'><strong>Gen-</strong></span> 
     </span>
    </p>
   </div>
   <div class='ocr_carea' id='block_1_5' title="bbox 113 963 1686 1664">
    <p class='ocr_par' dir='ltr' id='par_1_10' title="bbox 980 963 1685 1070">
     <span class='ocr_line' id='line_1_19' title="bbox 981 963 1685 1024; baseline 0.007 -17"><span class='ocrx_word' id='word_1_114' title='bbox 981 963 1259 1009; x_wconf 88' lang='lat' dir='ltr'><strong>damentum</strong></span> <span class='ocrx_word' id='word_1_115' title='bbox 1300 966 1401 1024; x_wconf 91' lang='lat' dir='ltr'><strong>ejus</strong></span> <span class='ocrx_word' id='word_1_116' title='bbox 1431 979 1584 1023; x_wconf 89' lang='lat' dir='ltr'><strong>usque</strong></span> <span class='ocrx_word' id='word_1_117' title='bbox 1623 968 1685 1012; x_wconf 86' lang='lat' dir='ltr'><strong>ad</strong></span> 
     </span>
     <span class='ocr_line' id='line_1_20' title="bbox 980 1023 1168 1070; baseline 0.011 -3"><span class='ocrx_word' id='word_1_118' title='bbox 980 1023 1168 1070; x_wconf 88' lang='lat' dir='ltr'><strong>collum.</strong></span> 
     </span>
    </p>

    <p class='ocr_par' dir='ltr' id='par_1_11' title="bbox 978 1083 1686 1319">
     <span class='ocr_line' id='line_1_21' title="bbox 1043 1083 1678 1144; baseline 0.005 -17"><span class='ocrx_word' id='word_1_119' title='bbox 1043 1083 1332 1129; x_wconf 83' lang='lat' dir='ltr'><strong>Maledixisti</strong></span> <span class='ocrx_word' id='word_1_120' title='bbox 1348 1084 1545 1142; x_wconf 85' lang='lat' dir='ltr'><strong>sceptris</strong></span> <span class='ocrx_word' id='word_1_121' title='bbox 1566 1086 1678 1144; x_wconf 83' lang='lat' dir='ltr'><strong>ejus.</strong></span> 
     </span>
     <span class='ocr_line' id='line_1_22' title="bbox 979 1141 1686 1202; baseline 0.003 -15"><span class='ocrx_word' id='word_1_122' title='bbox 979 1141 1125 1199; x_wconf 78' lang='lat' dir='ltr'><strong>capiti</strong></span> <span class='ocrx_word' id='word_1_123' title='bbox 1143 1143 1424 1189; x_wconf 77' lang='lat' dir='ltr'><strong>bellaterum</strong></span> <span class='ocrx_word' id='word_1_124' title='bbox 1445 1142 1595 1202; x_wconf 52' lang='lat' dir='ltr'><strong>ejusst*</strong></span> <span class='ocrx_word' id='word_1_125' title='bbox 1611 1159 1686 1190; x_wconf 88' lang='lat' dir='ltr'><strong>ve-</strong></span> 
     </span>
     <span class='ocr_line' id='line_1_23' title="bbox 979 1203 1685 1251; baseline 0.006 -6"><span class='ocrx_word' id='word_1_126' title='bbox 979 1203 1218 1247; x_wconf 89' lang='lat' dir='ltr'><strong>nientibus</strong></span> <span class='ocrx_word' id='word_1_127' title='bbox 1249 1210 1301 1247; x_wconf 90' lang='lat' dir='ltr'><strong>ut</strong></span> <span class='ocrx_word' id='word_1_128' title='bbox 1345 1203 1480 1249; x_wconf 87' lang='lat' dir='ltr'><strong>turbo</strong></span> <span class='ocrx_word' id='word_1_129' title='bbox 1521 1204 1586 1250; x_wconf 88' lang='lat' dir='ltr'><strong>ad</strong></span> <span class='ocrx_word' id='word_1_130' title='bbox 1615 1205 1685 1251; x_wconf 92' lang='lat' dir='ltr'><strong>di-</strong></span> 
     </span>
     <span class='ocr_line' id='line_1_24' title="bbox 978 1262 1408 1319; baseline 0.005 -14"><span class='ocrx_word' id='word_1_131' title='bbox 978 1262 1297 1319; x_wconf 85' lang='lat' dir='ltr'><strong>spergendum</strong></span> <span class='ocrx_word' id='word_1_132' title='bbox 1320 1276 1408 1308; x_wconf 90' lang='lat' dir='ltr'><strong>me.</strong></span> 
     </span>
    </p>

    <p class='ocr_par' dir='ltr' id='par_1_12' title="bbox 113 1320 1683 1490">
     <span class='ocr_line' id='line_1_25' title="bbox 113 1320 1683 1369; baseline 0.005 -9"><span class='ocrx_word' id='word_1_133' title='bbox 113 1351 122 1360; x_wconf 94' lang='lat'><em>.</em></span> <span class='ocrx_word' id='word_1_134' title='bbox 202 1327 273 1365; x_wconf 88' lang='lat' dir='ltr'><strong>tes</strong></span> <span class='ocrx_word' id='word_1_135' title='bbox 295 1320 483 1366; x_wconf 88' lang='lat' dir='ltr'><strong>saeculi.</strong></span> <span class='ocrx_word' id='word_1_136' title='bbox 1040 1321 1284 1366; x_wconf 76' lang='lat' dir='ltr'><strong>Exultatio</strong></span> <span class='ocrx_word' id='word_1_137' title='bbox 1314 1322 1477 1367; x_wconf 78' lang='lat' dir='ltr'><strong>cerum</strong></span> <span class='ocrx_word' id='word_1_138' title='bbox 1504 1321 1532 1345; x_wconf 72' lang='lat'><strong>⁴*</strong></span> <span class='ocrx_word' id='word_1_139' title='bbox 1563 1324 1683 1369; x_wconf 86' lang='lat' dir='ltr'><strong>sicut</strong></span> 
     </span>
     <span class='ocr_line' id='line_1_26' title="bbox 265 1379 1683 1441; baseline 0.003 -18"><span class='ocrx_word' id='word_1_140' title='bbox 265 1379 500 1425; x_wconf 76' lang='lat' dir='ltr'><strong>Incurvati</strong></span> <span class='ocrx_word' id='word_1_141' title='bbox 583 1387 694 1425; x_wconf 90' lang='lat' dir='ltr'><strong>sunt</strong></span> <span class='ocrx_word' id='word_1_142' title='bbox 770 1380 913 1425; x_wconf 89' lang='lat' dir='ltr'><strong>colles</strong></span> <span class='ocrx_word' id='word_1_143' title='bbox 980 1382 1094 1439; x_wconf 89' lang='lat' dir='ltr'><strong>ejus,</strong></span> <span class='ocrx_word' id='word_1_144' title='bbox 1111 1381 1191 1437; x_wconf 88' lang='lat' dir='ltr'><strong>qui</strong></span> <span class='ocrx_word' id='word_1_145' title='bbox 1210 1381 1403 1426; x_wconf 88' lang='lat' dir='ltr'><strong>devorat</strong></span> <span class='ocrx_word' id='word_1_146' title='bbox 1427 1382 1683 1441; x_wconf 71' lang='lat' dir='ltr'><strong>peuperem</strong></span> 
     </span>
     <span class='ocr_line' id='line_1_27' title="bbox 201 1438 1344 1490; baseline 0.002 -7"><span class='ocrx_word' id='word_1_147' title='bbox 201 1439 489 1490; x_wconf 74' lang='lat' dir='ltr'><strong>mundi‚*ab</strong></span> <span class='ocrx_word' id='word_1_148' title='bbox 507 1438 751 1485; x_wconf 74' lang='lat' dir='ltr'><strong>itineribus</strong></span> <span class='ocrx_word' id='word_1_149' title='bbox 766 1447 914 1484; x_wconf 89' lang='lat' dir='ltr'><strong>aeter·</strong></span> <span class='ocrx_word' id='word_1_150' title='bbox 976 1440 1025 1484; x_wconf 87' lang='lat' dir='ltr'><strong>in</strong></span> <span class='ocrx_word' id='word_1_151' title='bbox 1049 1440 1344 1486; x_wconf 76' lang='lat' dir='ltr'><strong>abscendito.</strong></span> 
     </span>
    </p>

    <p class='ocr_par' dir='ltr' id='par_1_13' title="bbox 1037 1499 1684 1558">
     <span class='ocr_line' id='line_1_28' title="bbox 1037 1499 1684 1558; baseline 0.006 -16"><span class='ocrx_word' id='word_1_152' title='bbox 1037 1499 1177 1543; x_wconf 85' lang='lat' dir='ltr'><strong>Viam</strong></span> <span class='ocrx_word' id='word_1_153' title='bbox 1191 1499 1338 1545; x_wconf 79' lang='lat' dir='ltr'><strong>fecisti</strong></span> <span class='ocrx_word' id='word_1_154' title='bbox 1354 1500 1401 1544; x_wconf 88' lang='lat' dir='ltr'><strong>in</strong></span> <span class='ocrx_word' id='word_1_155' title='bbox 1419 1501 1535 1545; x_wconf 88' lang='lat' dir='ltr'><strong>mari</strong></span> <span class='ocrx_word' id='word_1_156' title='bbox 1550 1501 1684 1558; x_wconf 88' lang='lat' dir='ltr'><strong>equis</strong></span> 
     </span>
    </p>

    <p class='ocr_par' dir='ltr' id='par_1_14' title="bbox 941 1557 1684 2078">
     <span class='ocr_line' id='line_1_29' title="bbox 978 1557 1684 1662; baseline 0.003 -57.9"><span class='ocrx_word' id='word_1_157' title='bbox 978 1559 1085 1662; x_wconf 54' lang='grc' dir='ltr'><strong>ῑὲιίε,</strong></span> <span class='ocrx_word' id='word_1_158' title='bbox 1096 1557 1122 1581; x_wconf 66' lang='lat'><strong>⁴*</strong></span> <span class='ocrx_word' id='word_1_159' title='bbox 1137 1560 1185 1603; x_wconf 89' lang='lat' dir='ltr'><strong>in</strong></span> <span class='ocrx_word' id='word_1_160' title='bbox 1199 1559 1298 1603; x_wconf 88' lang='lat' dir='ltr'><strong>luto</strong></span> <span class='ocrx_word' id='word_1_161' title='bbox 1315 1560 1547 1617; x_wconf 77' lang='lat' dir='ltr'><strong>aquarum</strong></span> <span class='ocrx_word' id='word_1_162' title='bbox 1564 1562 1684 1606; x_wconf 88' lang='lat' dir='ltr'><strong>mul-</strong></span> 
     </span>
     <span class='ocr_line' id='line_1_30' title="bbox 976 1626 1148 1664; baseline 0.006 -1"><span class='ocrx_word' id='word_1_163' title='bbox 976 1626 994 1663; x_wconf 85' lang='lat' dir='ltr'><strong>t</strong></span> <span class='ocrx_word' id='word_1_164' title='bbox 1029 1632 1148 1664; x_wconf 87' lang='lat' dir='ltr'><strong>rum.</strong></span> 
     </span>
    </p>
   </div>
   <div class='ocr_carea' id='block_1_6' title="bbox 202 1498 1328 2032">
    <p class='ocr_par' dir='ltr' id='par_1_15' title="bbox 203 1498 504 1555">
     <span class='ocr_line' id='line_1_31' title="bbox 203 1498 504 1555; baseline 0.01 -14"><span class='ocrx_word' id='word_1_165' title='bbox 203 1498 363 1542; x_wconf 77' lang='lat' dir='ltr'><strong>nitatis</strong></span> <span class='ocrx_word' id='word_1_166' title='bbox 385 1499 504 1555; x_wconf 90' lang='lat' dir='ltr'><strong>ejus.</strong></span> 
     </span>
    </p>

    <p class='ocr_par' dir='ltr' id='par_1_16' title="bbox 203 1557 914 1723">
     <span class='ocr_line' id='line_1_32' title="bbox 264 1557 914 1615; baseline 0.005 -15"><span class='ocrx_word' id='word_1_167' title='bbox 264 1557 355 1601; x_wconf 89' lang='lat' dir='ltr'><strong>Pro</strong></span> <span class='ocrx_word' id='word_1_168' title='bbox 378 1557 629 1615; x_wconf 78' lang='lat' dir='ltr'><strong>iniquitate</strong></span> <span class='ocrx_word' id='word_1_169' title='bbox 647 1557 740 1601; x_wconf 89' lang='lat' dir='ltr'><strong>vidi</strong></span> <span class='ocrx_word' id='word_1_170' title='bbox 759 1557 914 1603; x_wconf 78' lang='lat' dir='ltr'><strong>tente-</strong></span> 
     </span>
     <span class='ocr_line' id='line_1_33' title="bbox 203 1616 913 1675; baseline 0 -14"><span class='ocrx_word' id='word_1_171' title='bbox 203 1616 271 1661; x_wconf 86' lang='lat' dir='ltr'><strong>ria</strong></span> <span class='ocrx_word' id='word_1_172' title='bbox 291 1616 580 1675; x_wconf 76' lang='lat' dir='ltr'><strong>AEthiepiae,</strong></span> <span class='ocrx_word' id='word_1_173' title='bbox 605 1616 632 1641; x_wconf 76' lang='lat'><em>*</em></span> <span class='ocrx_word' id='word_1_174' title='bbox 654 1616 913 1662; x_wconf 76' lang='lat' dir='ltr'><strong>turbabun—</strong></span> 
     </span>
     <span class='ocr_line' id='line_1_34' title="bbox 204 1675 855 1723; baseline 0 -1"><span class='ocrx_word' id='word_1_175' title='bbox 204 1683 282 1722; x_wconf 87' lang='lat' dir='ltr'><strong>tur</strong></span> <span class='ocrx_word' id='word_1_176' title='bbox 362 1677 444 1722; x_wconf 89' lang='lat' dir='ltr'><strong>lles</strong></span> <span class='ocrx_word' id='word_1_177' title='bbox 466 1685 619 1722; x_wconf 83' lang='lat' dir='ltr'><strong>terrae</strong></span> <span class='ocrx_word' id='word_1_178' title='bbox 642 1675 855 1723; x_wconf 76' lang='lat' dir='ltr'><strong>Madian.</strong></span> 
     </span>
    </p>

    <p class='ocr_par' dir='ltr' id='par_1_17' title="bbox 202 1736 1328 1972">
     <span class='ocr_line' id='line_1_35' title="bbox 315 1736 911 1794; baseline 0 -12"><span class='ocrx_word' id='word_1_179' title='bbox 315 1738 517 1794; x_wconf 83' lang='lat' dir='ltr'><strong>nmquid</strong></span> <span class='ocrx_word' id='word_1_180' title='bbox 550 1737 599 1780; x_wconf 90' lang='lat' dir='ltr'><strong>in</strong></span> <span class='ocrx_word' id='word_1_181' title='bbox 636 1736 911 1787; x_wconf 79' lang='lat' dir='ltr'><strong>fluminibus</strong></span> 
     </span>
     <span class='ocr_line' id='line_1_36' title="bbox 204 1794 913 1848; baseline 0.004 -9"><span class='ocrx_word' id='word_1_182' title='bbox 204 1794 348 1841; x_wconf 72' lang='lat' dir='ltr'><strong>iratus</strong></span> <span class='ocrx_word' id='word_1_183' title='bbox 363 1810 427 1848; x_wconf 90' lang='lat' dir='ltr'><strong>es,</strong></span> <span class='ocrx_word' id='word_1_184' title='bbox 451 1797 589 1840; x_wconf 73' lang='lat' dir='ltr'><strong>Dfie?</strong></span> <span class='ocrx_word' id='word_1_185' title='bbox 605 1795 632 1820; x_wconf 69' lang='lat'><strong>³*</strong></span> <span class='ocrx_word' id='word_1_186' title='bbox 652 1803 737 1840; x_wconf 89' lang='lat' dir='ltr'><strong>aut</strong></span> <span class='ocrx_word' id='word_1_187' title='bbox 757 1797 804 1840; x_wconf 91' lang='lat' dir='ltr'><strong>in</strong></span> <span class='ocrx_word' id='word_1_188' title='bbox 825 1797 913 1842; x_wconf 90' lang='lat' dir='ltr'><strong>flu·</strong></span> 
     </span>
     <span class='ocr_line' id='line_1_37' title="bbox 202 1855 911 1901; baseline 0.001 -1"><span class='ocrx_word' id='word_1_189' title='bbox 202 1855 410 1901; x_wconf 76' lang='lat' dir='ltr'><strong>minibus</strong></span> <span class='ocrx_word' id='word_1_190' title='bbox 440 1855 573 1900; x_wconf 85' lang='lat' dir='ltr'><strong>furor</strong></span> <span class='ocrx_word' id='word_1_191' title='bbox 604 1856 834 1901; x_wconf 87' lang='lat' dir='ltr'><strong>tuus?ve1</strong></span> <span class='ocrx_word' id='word_1_192' title='bbox 863 1857 911 1901; x_wconf 88' lang='lat' dir='ltr'><strong>in</strong></span> 
     </span>
     <span class='ocr_line' id='line_1_38' title="bbox 204 1914 1328 1972; baseline 0.001 -13"><span class='ocrx_word' id='word_1_193' title='bbox 204 1915 317 1959; x_wconf 86' lang='lat' dir='ltr'><strong>mari</strong></span> <span class='ocrx_word' id='word_1_194' title='bbox 335 1914 608 1972; x_wconf 55' lang='lat' dir='ltr'><strong>indignatio</strong></span> <span class='ocrx_word' id='word_1_195' title='bbox 626 1915 737 1959; x_wconf 88' lang='lat' dir='ltr'><strong>tua?</strong></span> <span class='ocrx_word' id='word_1_196' title='bbox 890 1954 897 1961; x_wconf 88' lang='lat'><strong>.</strong></span> <span class='ocrx_word' id='word_1_197' title='bbox 980 1914 1168 1960; x_wconf 77' lang='lat' dir='ltr'><strong>essibus</strong></span> <span class='ocrx_word' id='word_1_198' title='bbox 1200 1915 1328 1969; x_wconf 89' lang='lat' dir='ltr'><strong>meis,</strong></span> 
     </span>
    </p>

    <p class='ocr_par' dir='ltr' id='par_1_18' title="bbox 257 1973 1272 2032">
     <span class='ocr_line' id='line_1_39' title="bbox 257 1973 1272 2032; baseline 0 -12"><span class='ocrx_word' id='word_1_199' title='bbox 257 1973 353 2029; x_wconf 88' lang='lat' dir='ltr'><strong>Qui</strong></span> <span class='ocrx_word' id='word_1_200' title='bbox 368 1975 601 2020; x_wconf 75' lang='lat' dir='ltr'><strong>ascendes</strong></span> <span class='ocrx_word' id='word_1_201' title='bbox 614 1987 913 2032; x_wconf 88' lang='lat' dir='ltr'><strong>superequos</strong></span> <span class='ocrx_word' id='word_1_202' title='bbox 982 1988 1059 2019; x_wconf 88' lang='lat' dir='ltr'><strong>me</strong></span> <span class='ocrx_word' id='word_1_203' title='bbox 1080 1975 1272 2020; x_wconf 75' lang='lat' dir='ltr'><strong>scateat.</strong></span> 
     </span>
    </p>
   </div>
   <div class='ocr_carea' id='block_1_7' title="bbox 978 1676 1685 1913">
    <p class='ocr_par' dir='ltr' id='par_1_19' title="bbox 978 1676 1685 1843">
     <span class='ocr_line' id='line_1_40' title="bbox 1038 1676 1683 1731; baseline 0.003 -9"><span class='ocrx_word' id='word_1_204' title='bbox 1038 1676 1228 1731; x_wconf 89' lang='lat' dir='ltr'><strong>Audivi,</strong></span> <span class='ocrx_word' id='word_1_205' title='bbox 1287 1685 1332 1723; x_wconf 89' lang='lat' dir='ltr'><strong>et</strong></span> <span class='ocrx_word' id='word_1_206' title='bbox 1374 1677 1683 1725; x_wconf 72' lang='lat' dir='ltr'><strong>conturbatus</strong></span> 
     </span>
     <span class='ocr_line' id='line_1_41' title="bbox 978 1737 1685 1784; baseline 0.001 -2"><span class='ocrx_word' id='word_1_207' title='bbox 978 1745 1051 1782; x_wconf 88' lang='lat' dir='ltr'><strong>est</strong></span> <span class='ocrx_word' id='word_1_208' title='bbox 1084 1744 1243 1781; x_wconf 90' lang='lat' dir='ltr'><strong>venter</strong></span> <span class='ocrx_word' id='word_1_209' title='bbox 1277 1750 1410 1781; x_wconf 89' lang='lat' dir='ltr'><strong>meus</strong></span> <span class='ocrx_word' id='word_1_210' title='bbox 1438 1752 1449 1782; x_wconf 80' lang='lat' dir='ltr'><strong>t</strong></span> <span class='ocrx_word' id='word_1_211' title='bbox 1472 1737 1498 1761; x_wconf 68' lang='lat'><strong>⁴*</strong></span> <span class='ocrx_word' id='word_1_212' title='bbox 1520 1751 1550 1782; x_wconf 88' lang='lat' dir='ltr'><strong>a</strong></span> <span class='ocrx_word' id='word_1_213' title='bbox 1571 1752 1685 1784; x_wconf 84' lang='lat' dir='ltr'><strong>voce</strong></span> 
     </span>
     <span class='ocr_line' id='line_1_42' title="bbox 980 1795 1648 1843; baseline 0.001 -1"><span class='ocrx_word' id='word_1_214' title='bbox 980 1795 1362 1842; x_wconf 87' lang='lat' dir='ltr'><strong>contremuerunt</strong></span> <span class='ocrx_word' id='word_1_215' title='bbox 1384 1795 1511 1841; x_wconf 79' lang='lat' dir='ltr'><strong>labia</strong></span> <span class='ocrx_word' id='word_1_216' title='bbox 1530 1810 1648 1843; x_wconf 84' lang='lat' dir='ltr'><strong>mea.</strong></span> 
     </span>
    </p>

    <p class='ocr_par' dir='ltr' id='par_1_20' title="bbox 1044 1854 1684 1913">
     <span class='ocr_line' id='line_1_43' title="bbox 1044 1854 1684 1913; baseline 0.005 -14"><span class='ocrx_word' id='word_1_217' title='bbox 1044 1854 1343 1912; x_wconf 77' lang='lat' dir='ltr'><strong>Ingrediatur</strong></span> <span class='ocrx_word' id='word_1_218' title='bbox 1391 1855 1594 1913; x_wconf 79' lang='lat' dir='ltr'><strong>putredo</strong></span> <span class='ocrx_word' id='word_1_219' title='bbox 1635 1858 1684 1902; x_wconf 93' lang='lat' dir='ltr'><strong>in</strong></span> 
     </span>
    </p>
   </div>
   <div class='ocr_carea' id='block_1_8' title="bbox 1368 1913 1684 1962">
    <p class='ocr_par' dir='ltr' id='par_1_21' title="bbox 1368 1913 1684 1962">
     <span class='ocr_line' id='line_1_44' title="bbox 1368 1913 1684 1962; baseline 0 -1"><span class='ocrx_word' id='word_1_220' title='bbox 1368 1913 1394 1937; x_wconf 69' lang='lat'><em>*</em></span> <span class='ocrx_word' id='word_1_221' title='bbox 1435 1923 1482 1962; x_wconf 89' lang='lat' dir='ltr'><strong>et</strong></span> <span class='ocrx_word' id='word_1_222' title='bbox 1522 1917 1684 1962; x_wconf 87' lang='lat' dir='ltr'><strong>subter</strong></span> 
     </span>
    </p>
   </div>
   <div class='ocr_carea' id='block_1_9' title="bbox 194 2033 1681 2681">
    <p class='ocr_par' dir='ltr' id='par_1_22' title="bbox 194 2033 1681 2681">
     <span class='ocr_line' id='line_1_45' title="bbox 199 2033 914 2091; baseline 0.001 -12"><span class='ocrx_word' id='word_1_223' title='bbox 199 2041 310 2079; x_wconf 82' lang='lat' dir='ltr'><strong>tuos</strong></span> <span class='ocrx_word' id='word_1_224' title='bbox 336 2049 347 2079; x_wconf 79' lang='lat' dir='ltr'><strong><em>z</em></strong></span> <span class='ocrx_word' id='word_1_225' title='bbox 370 2033 397 2058; x_wconf 71' lang='lat'><strong>⁴*</strong></span> <span class='ocrx_word' id='word_1_226' title='bbox 425 2041 473 2079; x_wconf 91' lang='lat' dir='ltr'><strong>et</strong></span> <span class='ocrx_word' id='word_1_227' title='bbox 507 2033 772 2091; x_wconf 82' lang='lat' dir='ltr'><strong>quadrigae</strong></span> <span class='ocrx_word' id='word_1_228' title='bbox 803 2041 914 2080; x_wconf 85' lang='lat' dir='ltr'><strong>tuae</strong></span> 
     </span>
     <span class='ocr_line' id='line_1_46' title="bbox 198 2093 416 2139; baseline 0 0"><span class='ocrx_word' id='word_1_229' title='bbox 198 2093 416 2139; x_wconf 79' lang='lat' dir='ltr'><strong>saivatio.</strong></span> 
     </span>
     <span class='ocr_line' id='line_1_47' title="bbox 257 2152 914 2198; baseline 0 0"><span class='ocrx_word' id='word_1_230' title='bbox 257 2152 506 2198; x_wconf 73' lang='lat' dir='ltr'><strong>suscitans</strong></span> <span class='ocrx_word' id='word_1_231' title='bbox 547 2152 800 2198; x_wconf 69' lang='lat' dir='ltr'><strong>suscitabis</strong></span> <span class='ocrx_word' id='word_1_232' title='bbox 842 2166 914 2198; x_wconf 88' lang='lat' dir='ltr'><strong>ar-</strong></span> 
     </span>
     <span class='ocr_line' id='line_1_48' title="bbox 194 2210 1143 2270; baseline 0.001 -13"><span class='ocrx_word' id='word_1_233' title='bbox 194 2225 306 2257; x_wconf 84' lang='lat' dir='ltr'><strong>cum</strong></span> <span class='ocrx_word' id='word_1_234' title='bbox 350 2220 490 2258; x_wconf 89' lang='lat' dir='ltr'><strong>tuum</strong></span> <span class='ocrx_word' id='word_1_235' title='bbox 525 2226 536 2257; x_wconf 87' lang='lat'>:</span> <span class='ocrx_word' id='word_1_236' title='bbox 579 2210 607 2235; x_wconf 68' lang='lat'><strong>⁴*</strong></span> <span class='ocrx_word' id='word_1_237' title='bbox 644 2211 915 2270; x_wconf 85' lang='lat' dir='ltr'><strong>juramenta</strong></span> <span class='ocrx_word' id='word_1_238' title='bbox 979 2221 1143 2258; x_wconf 86' lang='lat' dir='ltr'><strong>strum.</strong></span> 
     </span>
     <span class='ocr_line' id='line_1_49' title="bbox 197 2270 1681 2329; baseline 0.001 -12"><span class='ocrx_word' id='word_1_239' title='bbox 197 2270 430 2323; x_wconf 81' lang='lat' dir='ltr'><strong>tribubus,</strong></span> <span class='ocrx_word' id='word_1_240' title='bbox 459 2284 585 2329; x_wconf 89' lang='lat' dir='ltr'><strong>quae</strong></span> <span class='ocrx_word' id='word_1_241' title='bbox 615 2271 802 2316; x_wconf 79' lang='lat' dir='ltr'><strong>locutus</strong></span> <span class='ocrx_word' id='word_1_242' title='bbox 822 2285 873 2317; x_wconf 89' lang='lat' dir='ltr'><strong>es</strong></span> <span class='ocrx_word' id='word_1_243' title='bbox 901 2287 911 2318; x_wconf 91' lang='lat'>:</span> <span class='ocrx_word' id='word_1_244' title='bbox 1038 2272 1177 2318; x_wconf 89' lang='lat' dir='ltr'><strong>Ficus</strong></span> <span class='ocrx_word' id='word_1_245' title='bbox 1223 2273 1347 2317; x_wconf 90' lang='lat' dir='ltr'><strong>enim</strong></span> <span class='ocrx_word' id='word_1_246' title='bbox 1398 2287 1495 2318; x_wconf 87' lang='lat' dir='ltr'><strong>non</strong></span> <span class='ocrx_word' id='word_1_247' title='bbox 1545 2274 1681 2320; x_wconf 87' lang='lat' dir='ltr'><strong>flore·</strong></span> 
     </span>
     <span class='ocr_line' id='line_1_50' title="bbox 257 2330 1679 2390; baseline 0.002 -15"><span class='ocrx_word' id='word_1_248' title='bbox 257 2330 451 2376; x_wconf 74' lang='lat' dir='ltr'><strong>Fluvios</strong></span> <span class='ocrx_word' id='word_1_249' title='bbox 492 2331 680 2376; x_wconf 86' lang='lat' dir='ltr'><strong>scindes</strong></span> <span class='ocrx_word' id='word_1_250' title='bbox 721 2337 871 2376; x_wconf 86' lang='lat' dir='ltr'><strong>terrae</strong></span> <span class='ocrx_word' id='word_1_251' title='bbox 900 2346 910 2377; x_wconf 78' lang='lat' dir='ltr'><strong><em>z</em></strong></span> <span class='ocrx_word' id='word_1_252' title='bbox 942 2362 946 2367; x_wconf 65' lang='grc'><em>»</em></span> <span class='ocrx_word' id='word_1_253' title='bbox 976 2332 1078 2377; x_wconf 88' lang='lat' dir='ltr'><strong>bit:</strong></span> <span class='ocrx_word' id='word_1_254' title='bbox 1102 2330 1130 2355; x_wconf 71' lang='lat'><strong>⁴*</strong></span> <span class='ocrx_word' id='word_1_255' title='bbox 1150 2340 1197 2377; x_wconf 91' lang='lat' dir='ltr'><strong>et</strong></span> <span class='ocrx_word' id='word_1_256' title='bbox 1210 2345 1307 2378; x_wconf 88' lang='lat' dir='ltr'><strong>non</strong></span> <span class='ocrx_word' id='word_1_257' title='bbox 1323 2334 1409 2378; x_wconf 84' lang='lat' dir='ltr'><strong>erit</strong></span> <span class='ocrx_word' id='word_1_258' title='bbox 1424 2347 1616 2390; x_wconf 88' lang='lat' dir='ltr'><strong>germen</strong></span> <span class='ocrx_word' id='word_1_259' title='bbox 1631 2334 1679 2378; x_wconf 91' lang='lat' dir='ltr'><strong>in</strong></span> 
     </span>
     <span class='ocr_line' id='line_1_51' title="bbox 197 2388 1138 2444; baseline 0.002 -9"><span class='ocrx_word' id='word_1_260' title='bbox 197 2388 430 2444; x_wconf 39' lang='lat' dir='ltr'><strong>viderunt.</strong></span> <span class='ocrx_word' id='word_1_261' title='bbox 460 2398 520 2443; x_wconf 88' lang='lat' dir='ltr'><strong>te,</strong></span> <span class='ocrx_word' id='word_1_262' title='bbox 569 2397 616 2434; x_wconf 91' lang='lat' dir='ltr'><strong>et</strong></span> <span class='ocrx_word' id='word_1_263' title='bbox 659 2390 911 2435; x_wconf 86' lang='lat' dir='ltr'><strong>doluerunt</strong></span> <span class='ocrx_word' id='word_1_264' title='bbox 976 2391 1138 2437; x_wconf 87' lang='lat' dir='ltr'><strong>vineis.</strong></span> 
     </span>
     <span class='ocr_line' id='line_1_52' title="bbox 198 2447 909 2507; baseline 0.001 -13"><span class='ocrx_word' id='word_1_265' title='bbox 198 2458 389 2495; x_wconf 79' lang='lat' dir='ltr'><strong>montes</strong></span> <span class='ocrx_word' id='word_1_266' title='bbox 408 2447 461 2493; x_wconf 72' lang='lat' dir='ltr'><strong>z*</strong></span> <span class='ocrx_word' id='word_1_267' title='bbox 482 2462 658 2507; x_wconf 74' lang='lat' dir='ltr'><strong>gurges</strong></span> <span class='ocrx_word' id='word_1_268' title='bbox 677 2449 909 2507; x_wconf 83' lang='lat' dir='ltr'><strong>aquarum</strong></span> 
     </span>
     <span class='ocr_line' id='line_1_53' title="bbox 199 2506 400 2554; baseline -0.005 -1"><span class='ocrx_word' id='word_1_269' title='bbox 199 2506 400 2554; x_wconf 66' lang='lat' dir='ltr'><strong>wensiit.</strong></span> 
     </span>
     <span class='ocr_line' id='line_1_54' title="bbox 255 2566 910 2626; baseline -0.003 -11"><span class='ocrx_word' id='word_1_270' title='bbox 255 2566 405 2615; x_wconf 89' lang='lat' dir='ltr'><strong>Dedit</strong></span> <span class='ocrx_word' id='word_1_271' title='bbox 471 2569 676 2626; x_wconf 90' lang='lat' dir='ltr'><strong>abyssus</strong></span> <span class='ocrx_word' id='word_1_272' title='bbox 746 2582 910 2614; x_wconf 78' lang='lat' dir='ltr'><strong>vocem</strong></span> 
     </span>
     <span class='ocr_line' id='line_1_55' title="bbox 198 2620 909 2681; baseline 0.003 -10"><span class='ocrx_word' id='word_1_273' title='bbox 198 2620 335 2681; x_wconf 47' lang='lat' dir='ltr'><strong>*m</strong></span> <span class='ocrx_word' id='word_1_274' title='bbox 364 2640 375 2671; x_wconf 79' lang='lat' dir='ltr'>z</span> <span class='ocrx_word' id='word_1_275' title='bbox 419 2625 446 2651; x_wconf 73' lang='lat'><strong>⁴*</strong></span> <span class='ocrx_word' id='word_1_276' title='bbox 486 2627 689 2672; x_wconf 75' lang='lat' dir='ltr'><strong>altitudo</strong></span> <span class='ocrx_word' id='word_1_277' title='bbox 740 2641 909 2674; x_wconf 86' lang='lat' dir='ltr'><strong>manus</strong></span> 
     </span>
    </p>
   </div>
   <div class='ocr_carea' id='block_1_10' title="bbox 976 2034 1682 2210">
    <p class='ocr_par' dir='ltr' id='par_1_23' title="bbox 976 2034 1682 2210">
     <span class='ocr_line' id='line_1_56' title="bbox 1044 2034 1682 2091; baseline 0.005 -13"><span class='ocrx_word' id='word_1_278' title='bbox 1044 2034 1113 2079; x_wconf 90' lang='lat' dir='ltr'><strong>Ut</strong></span> <span class='ocrx_word' id='word_1_279' title='bbox 1132 2035 1423 2091; x_wconf 86' lang='lat' dir='ltr'><strong>requiescam</strong></span> <span class='ocrx_word' id='word_1_280' title='bbox 1440 2035 1489 2080; x_wconf 91' lang='lat' dir='ltr'><strong>in</strong></span> <span class='ocrx_word' id='word_1_281' title='bbox 1511 2036 1587 2081; x_wconf 92' lang='lat' dir='ltr'><strong>die</strong></span> <span class='ocrx_word' id='word_1_282' title='bbox 1605 2037 1682 2081; x_wconf 89' lang='lat' dir='ltr'><strong>tri-</strong></span> 
     </span>
     <span class='ocr_line' id='line_1_57' title="bbox 976 2092 1681 2140; baseline 0.003 -2"><span class='ocrx_word' id='word_1_283' title='bbox 976 2094 1235 2139; x_wconf 77' lang='lat' dir='ltr'><strong>bulatienis</strong></span> <span class='ocrx_word' id='word_1_284' title='bbox 1262 2109 1272 2140; x_wconf 77' lang='lat' dir='ltr'>x</span> <span class='ocrx_word' id='word_1_285' title='bbox 1295 2092 1322 2117; x_wconf 77' lang='lat'><em>*</em></span> <span class='ocrx_word' id='word_1_286' title='bbox 1343 2102 1396 2140; x_wconf 90' lang='lat' dir='ltr'><strong>ut</strong></span> <span class='ocrx_word' id='word_1_287' title='bbox 1425 2094 1681 2140; x_wconf 88' lang='lat' dir='ltr'><strong>ascendam</strong></span> 
     </span>
     <span class='ocr_line' id='line_1_58' title="bbox 978 2153 1682 2210; baseline 0.004 -13"><span class='ocrx_word' id='word_1_288' title='bbox 978 2153 1042 2197; x_wconf 88' lang='lat' dir='ltr'><strong>ad</strong></span> <span class='ocrx_word' id='word_1_289' title='bbox 1063 2153 1293 2210; x_wconf 78' lang='lat' dir='ltr'><strong>pepulum</strong></span> <span class='ocrx_word' id='word_1_290' title='bbox 1310 2154 1575 2200; x_wconf 73' lang='lat' dir='ltr'><strong>accinetum</strong></span> <span class='ocrx_word' id='word_1_291' title='bbox 1597 2168 1682 2200; x_wconf 91' lang='lat' dir='ltr'><strong>no-</strong></span> 
     </span>
    </p>
   </div>
   <div class='ocr_carea' id='block_1_11' title="bbox 940 2168 947 2360">
    <p class='ocr_par' dir='ltr' id='par_1_24' title="bbox 940 2168 947 2360">
     <span class='ocr_line' id='line_1_59' title="bbox 940 2168 947 2360; baseline 0 0"><span class='ocrx_word' id='word_1_292' title='bbox 940 2168 947 2360; x_wconf 95' lang='lat' dir='ltr'><strong> </strong></span> 
     </span>
    </p>
   </div>
   <div class='ocr_carea' id='block_1_12' title="bbox 973 2451 1680 2927">
    <p class='ocr_par' dir='ltr' id='par_1_25' title="bbox 975 2451 1678 2556">
     <span class='ocr_line' id='line_1_60' title="bbox 1038 2451 1678 2508; baseline 0.002 -13"><span class='ocrx_word' id='word_1_293' title='bbox 1038 2451 1296 2497; x_wconf 89' lang='lat' dir='ltr'><strong>Mentietur</strong></span> <span class='ocrx_word' id='word_1_294' title='bbox 1315 2465 1437 2508; x_wconf 90' lang='lat' dir='ltr'><strong>opus</strong></span> <span class='ocrx_word' id='word_1_295' title='bbox 1459 2452 1611 2496; x_wconf 78' lang='lat' dir='ltr'><strong>olivae</strong></span> <span class='ocrx_word' id='word_1_296' title='bbox 1626 2467 1636 2496; x_wconf 86' lang='lat'>:</span> <span class='ocrx_word' id='word_1_297' title='bbox 1652 2451 1678 2474; x_wconf 68' lang='lat'><strong>³*</strong></span> 
     </span>
     <span class='ocr_line' id='line_1_61' title="bbox 975 2510 1672 2556; baseline 0 -1"><span class='ocrx_word' id='word_1_298' title='bbox 975 2517 1021 2555; x_wconf 91' lang='lat' dir='ltr'><strong>et</strong></span> <span class='ocrx_word' id='word_1_299' title='bbox 1045 2525 1154 2555; x_wconf 90' lang='lat' dir='ltr'><strong>arva</strong></span> <span class='ocrx_word' id='word_1_300' title='bbox 1175 2525 1271 2555; x_wconf 92' lang='lat' dir='ltr'><strong>non</strong></span> <span class='ocrx_word' id='word_1_301' title='bbox 1287 2510 1483 2555; x_wconf 75' lang='lat' dir='ltr'><strong>afferent</strong></span> <span class='ocrx_word' id='word_1_302' title='bbox 1500 2511 1672 2556; x_wconf 89' lang='lat' dir='ltr'><strong>cibum.</strong></span> 
     </span>
    </p>

    <p class='ocr_par' dir='ltr' id='par_1_26' title="bbox 973 2568 1680 2745">
     <span class='ocr_line' id='line_1_62' title="bbox 1033 2568 1680 2626; baseline 0 -12"><span class='ocrx_word' id='word_1_303' title='bbox 1033 2570 1352 2615; x_wconf 88' lang='lat' dir='ltr'><strong>Abscindetur</strong></span> <span class='ocrx_word' id='word_1_304' title='bbox 1381 2570 1441 2613; x_wconf 91' lang='lat' dir='ltr'><strong>de</strong></span> <span class='ocrx_word' id='word_1_305' title='bbox 1468 2568 1578 2613; x_wconf 80' lang='lat' dir='ltr'><strong>ovili</strong></span> <span class='ocrx_word' id='word_1_306' title='bbox 1600 2584 1680 2626; x_wconf 92' lang='lat' dir='ltr'><strong>pe-</strong></span> 
     </span>
     <span class='ocr_line' id='line_1_63' title="bbox 974 2628 1677 2674; baseline 0.001 -1"><span class='ocrx_word' id='word_1_307' title='bbox 974 2642 1059 2674; x_wconf 90' lang='lat' dir='ltr'><strong>cus</strong></span> <span class='ocrx_word' id='word_1_308' title='bbox 1087 2644 1097 2674; x_wconf 89' lang='lat'>:</span> <span class='ocrx_word' id='word_1_309' title='bbox 1120 2628 1146 2652; x_wconf 69' lang='lat'><strong>⁴*</strong></span> <span class='ocrx_word' id='word_1_310' title='bbox 1168 2636 1215 2673; x_wconf 91' lang='lat' dir='ltr'><strong>et</strong></span> <span class='ocrx_word' id='word_1_311' title='bbox 1235 2642 1333 2672; x_wconf 87' lang='lat' dir='ltr'><strong>non</strong></span> <span class='ocrx_word' id='word_1_312' title='bbox 1353 2629 1438 2672; x_wconf 88' lang='lat' dir='ltr'><strong>erit</strong></span> <span class='ocrx_word' id='word_1_313' title='bbox 1461 2628 1677 2674; x_wconf 71' lang='lat' dir='ltr'><strong>armentu</strong></span> 
     </span>
     <span class='ocr_line' id='line_1_64' title="bbox 973 2687 1362 2745; baseline 0.003 -13"><span class='ocrx_word' id='word_1_314' title='bbox 973 2689 1022 2732; x_wconf 87' lang='lat' dir='ltr'><strong>in</strong></span> <span class='ocrx_word' id='word_1_315' title='bbox 1045 2687 1362 2745; x_wconf 85' lang='lat' dir='ltr'><strong>praesepibus.</strong></span> 
     </span>
    </p>

    <p class='ocr_par' dir='ltr' id='par_1_27' title="bbox 973 2745 1677 2927">
     <span class='ocr_line' id='line_1_65' title="bbox 1036 2745 1676 2803; baseline 0.003 -13"><span class='ocrx_word' id='word_1_316' title='bbox 1036 2748 1141 2803; x_wconf 90' lang='lat' dir='ltr'><strong>Ego</strong></span> <span class='ocrx_word' id='word_1_317' title='bbox 1176 2754 1337 2791; x_wconf 85' lang='lat' dir='ltr'><strong>autem</strong></span> <span class='ocrx_word' id='word_1_318' title='bbox 1377 2746 1424 2791; x_wconf 91' lang='lat' dir='ltr'><strong>in</strong></span> <span class='ocrx_word' id='word_1_319' title='bbox 1468 2745 1676 2792; x_wconf 76' lang='lat' dir='ltr'><strong>Demino</strong></span> 
     </span>
     <span class='ocr_line' id='line_1_66' title="bbox 973 2804 1677 2862; baseline 0.001 -13"><span class='ocrx_word' id='word_1_320' title='bbox 973 2806 1197 2862; x_wconf 87' lang='lat' dir='ltr'><strong>gaudebo</strong></span> <span class='ocrx_word' id='word_1_321' title='bbox 1226 2820 1236 2849; x_wconf 76' lang='lat' dir='ltr'><strong><em>z</em></strong></span> <span class='ocrx_word' id='word_1_322' title='bbox 1259 2804 1285 2828; x_wconf 63' lang='lat'><strong>⁴⁶</strong></span> <span class='ocrx_word' id='word_1_323' title='bbox 1307 2813 1353 2849; x_wconf 87' lang='lat' dir='ltr'><strong>et</strong></span> <span class='ocrx_word' id='word_1_324' title='bbox 1375 2805 1597 2850; x_wconf 74' lang='lat' dir='ltr'><strong>exultabo</strong></span> <span class='ocrx_word' id='word_1_325' title='bbox 1628 2806 1677 2850; x_wconf 85' lang='lat' dir='ltr'><strong>in</strong></span> 
     </span>
     <span class='ocr_line' id='line_1_67' title="bbox 976 2862 1355 2927; baseline 0.003 -20"><span class='ocrx_word' id='word_1_326' title='bbox 976 2863 1082 2908; x_wconf 87' lang='lat' dir='ltr'><strong>Deo</strong></span> <span class='ocrx_word' id='word_1_327' title='bbox 1096 2862 1214 2927; x_wconf 86' lang='lat' dir='ltr'><strong>Jesu</strong></span> <span class='ocrx_word' id='word_1_328' title='bbox 1233 2875 1355 2908; x_wconf 79' lang='lat' dir='ltr'><strong>meo,</strong></span> 
     </span>
    </p>
   </div>
   <div class='ocr_carea' id='block_1_13' title="bbox 937 2376 946 2638">
    <p class='ocr_par' dir='ltr' id='par_1_28' title="bbox 937 2376 946 2638">
     <span class='ocr_line' id='line_1_68' title="bbox 937 2376 946 2638; baseline 0 754"><span class='ocrx_word' id='word_1_329' title='bbox 937 2376 946 2638; x_wconf 95' lang='lat' dir='ltr'><strong> </strong></span> 
     </span>
    </p>
   </div>
   <div class='ocr_carea' id='block_1_14' title="bbox 198 2744 910 2918">
    <p class='ocr_par' dir='ltr' id='par_1_29' title="bbox 198 2744 910 2918">
     <span class='ocr_line' id='line_1_69' title="bbox 257 2744 909 2797; baseline 0 -7"><span class='ocrx_word' id='word_1_330' title='bbox 257 2744 355 2797; x_wconf 88' lang='lat' dir='ltr'><strong>Sol,</strong></span> <span class='ocrx_word' id='word_1_331' title='bbox 384 2753 431 2789; x_wconf 87' lang='lat' dir='ltr'><strong>et</strong></span> <span class='ocrx_word' id='word_1_332' title='bbox 457 2746 572 2790; x_wconf 88' lang='lat' dir='ltr'><strong>luna</strong></span> <span class='ocrx_word' id='word_1_333' title='bbox 601 2745 828 2791; x_wconf 84' lang='lat' dir='ltr'><strong>steterunt</strong></span> <span class='ocrx_word' id='word_1_334' title='bbox 859 2746 909 2790; x_wconf 94' lang='lat' dir='ltr'><strong>in</strong></span> 
     </span>
     <span class='ocr_line' id='line_1_70' title="bbox 199 2802 910 2856; baseline 0.003 -8"><span class='ocrx_word' id='word_1_335' title='bbox 199 2802 478 2848; x_wconf 72' lang='lat' dir='ltr'><strong>habitaculo</strong></span> <span class='ocrx_word' id='word_1_336' title='bbox 499 2803 637 2856; x_wconf 74' lang='lat' dir='ltr'><strong>suo,*</strong></span> <span class='ocrx_word' id='word_1_337' title='bbox 652 2805 700 2849; x_wconf 89' lang='lat' dir='ltr'><strong>in</strong></span> <span class='ocrx_word' id='word_1_338' title='bbox 717 2805 821 2849; x_wconf 89' lang='lat' dir='ltr'><strong>luce</strong></span> <span class='ocrx_word' id='word_1_339' title='bbox 834 2819 910 2850; x_wconf 88' lang='lat' dir='ltr'><strong>sa-</strong></span> 
     </span>
     <span class='ocr_line' id='line_1_71' title="bbox 198 2860 908 2918; baseline 0.003 -12"><span class='ocrx_word' id='word_1_340' title='bbox 198 2860 430 2918; x_wconf 69' lang='lat' dir='ltr'><strong>gittatum</strong></span> <span class='ocrx_word' id='word_1_341' title='bbox 462 2863 665 2915; x_wconf 71' lang='lat' dir='ltr'><strong>tuerum,</strong></span> <span class='ocrx_word' id='word_1_342' title='bbox 692 2864 828 2909; x_wconf 89' lang='lat' dir='ltr'><strong>ibunt</strong></span> <span class='ocrx_word' id='word_1_343' title='bbox 858 2864 908 2908; x_wconf 87' lang='lat' dir='ltr'><strong>in</strong></span> 
     </span>
    </p>
   </div>
   <div class='ocr_carea' id='block_1_15' title="bbox 936 2644 945 2919">
    <p class='ocr_par' dir='ltr' id='par_1_30' title="bbox 936 2644 945 2919">
     <span class='ocr_line' id='line_1_72' title="bbox 936 2644 945 2919; baseline 0 473"><span class='ocrx_word' id='word_1_344' title='bbox 936 2644 945 2919; x_wconf 95' lang='lat' dir='ltr'><strong> </strong></span> 
     </span>
    </p>
   </div>
   <div class='ocr_carea' id='block_1_16' title="bbox 981 902 1760 962">
    <p class='ocr_par' dir='ltr' id='par_1_31' title="bbox 981 902 1760 962">
     <span class='ocr_line' id='line_1_73' title="bbox 981 902 1760 962; baseline 0.003 -14"><span class='ocrx_word' id='word_1_345' title='bbox 981 918 1062 949; x_wconf 90' lang='lat' dir='ltr'><strong>mo</strong></span> <span class='ocrx_word' id='word_1_346' title='bbox 1080 902 1210 962; x_wconf 78' lang='lat' dir='ltr'><strong>impii</strong></span> <span class='ocrx_word' id='word_1_347' title='bbox 1234 904 1290 949; x_wconf 56' lang='grc' dir='ltr'><strong>ιἰ</strong></span> <span class='ocrx_word' id='word_1_348' title='bbox 1306 906 1560 953; x_wconf 78' lang='lat' dir='ltr'><strong>denudasti</strong></span> <span class='ocrx_word' id='word_1_349' title='bbox 1581 907 1685 952; x_wconf 81' lang='lat' dir='ltr'><strong>fun-</strong></span> <span class='ocrx_word' id='word_1_350' title='bbox 1747 940 1760 950; x_wconf 81' lang='lat'>.</span> 
     </span>
    </p>
   </div>
  </div>
 </body>
</html>
