2050 3392
95 564 100 612 Ι

94 621 101 879 Ι

95 961 100 1001 τ
146 955 270 987 nram
318 943 484 995 merus,
531 936 642 990 *Et
680 946 870 992 calami·
947 945 1033 1002 ‚2³-
1084 981 1088 988 .

97 1276 102 1360 1

99 1370 103 1396 Ι

99 1408 103 1423 ι

142 403 558 451 obtenebrentur
585 407 748 452 stellae
768 410 878 453 cali-

141 468 261 523 gine
285 466 394 522 ejus
426 479 436 509 :
461 465 681 523 expe-<stet
703 469 869 521 lucem,

144 536 197 569 et
232 539 337 569 non
374 526 555 576 videat,
598 540 685 571 nec
719 537 875 573 ortum

146 585 395 642 surgentis
462 584 664 631 aururae
703 602 713 633 :
766 590 876 645 quia

148 658 250 689 non
275 644 519 690 conclusit
534 646 658 691 dstia
678 650 867 701 ventris,

146 705 229 760 qui
254 705 472 761 portavit
494 719 584 756 me.
606 720 693 751 nec
713 707 873 753 abstu-

147 764 199 810 lit
223 765 362 808 mala
384 767 449 809 ab
471 765 624 810 &culis
647 769 780 813 meis.

224 821 295 862 R<
321 824 528 869 Utinam
551 828 872 883 appenderen-
939 817 997 875 0³2*

147 891 226 950 tur
277 887 485 941 peccata
526 899 647 936 mea,
697 888 869 943 quibus

147 1010 223 1047 tas
255 1017 408 1062 quam
447 1003 617 1061 patior,
648 1006 696 1050 in
727 1007 868 1052 state-

146 1076 213 1107 ra.
283 1057 354 1103 ’ῖῖ
376 1063 529 1118 Quasi
552 1065 696 1110 arena
724 1068 866 1112 maris

147 1123 270 1167 haec
322 1123 517 1179 gravior
566 1126 818 1182 appareret
855 1142 865 1172 :

148 1183 281 1226 unde
312 1190 358 1227 et
390 1184 535 1228 verba
564 1198 674 1229 mea
702 1186 866 1231 doldre

149 1249 263 1286 sunt
285 1242 576 1299 plena—Et
599 1244 857 1291 calamitas.

389 1331 557 1379 Lec‘tio
580 1332 642 1381 iii.

292 1421 478 1465 UARE
509 1435 607 1466 non
643 1422 693 1466 in
724 1424 862 1468 vulva

317 1481 533 1526 mdrtuus
560 1495 680 1535 sum,
708 1483 860 1539 egres-

155 1550 236 1581 sus
277 1552 333 1582 ex
373 1539 509 1585 utero
558 1554 656 1585 non
698 1544 857 1588 statim

154 1596 268 1653 perii
291 1599 311 1642 ?
331 1599 489 1654 Quare
520 1600 747 1658 exceptus
778 1604 858 1660 ge-

154 1656 292 1702 nibus
313 1659 333 1703 ?
353 1673 435 1704 cur
465 1660 674 1706 laetatus
706 1663 856 1708 uberi-

154 1717 241 1761 bus
260 1719 282 1762 ?
304 1719 444 1764 Nunc
464 1721 594 1765 enim
616 1720 855 1768 durmiens

153 1777 347 1830 silerem,
375 1788 422 1824 et
451 1794 627 1825 somno
656 1795 766 1826 meo
786 1796 856 1827 re-

102 1872 104 1882 1
153 1837 436 1892 quiescerem
457 1854 569 1885 cum
598 1841 788 1897 regibus
809 1851 855 1888 et

100 1884 104 1911 ι

100 1922 105 1976 Ι

153 1897 417 1944 consulibus
435 1907 604 1953 terrae,
624 1901 704 1958 qui
728 1902 856 1947 aeds-

154 1953 294 2000 ficant
312 1959 396 2004 sibi
429 1959 711 2005 solitudines
739 1975 749 2006 τ
772 1970 854 2007 aut

155 2027 258 2058 cum
290 2019 594 2076 principibus,
632 2021 713 2077 qui
745 2021 854 2078 pus-

156 2073 302 2119 sident
345 2092 528 2130 aurum,
579 2087 626 2124 et
673 2082 852 2138 replent

105 2158 109 2197 ⁶.
156 2133 318 2180 domos
356 2151 467 2182 suas
502 2138 701 2195 argento
729 2154 739 2184 :
769 2148 853 2186 aut

157 2191 270 2238 sicut
300 2197 566 2242 abortivum
600 2199 853 2244 abscundi-

159 2259 253 2296 tum
288 2268 380 2300 non
416 2257 737 2311 subsisterem,
780 2262 852 2305 vel

159 2312 234 2365 qui
262 2316 473 2374 concepti
507 2331 607 2362 non
634 2318 851 2365 viderunt

159 2368 317 2419 lucem.

225 2426 287 2481 W·
358 2435 514 2488 Quare
582 2438 850 2484 detraxistis

159 2490 437 2553 senndnibus
476 2496 686 2541 veritatis
733 2511 743 2542 :
786 2501 850 2544 ad

159 2550 507 2606 merepandum-
528 2557 675 2600 verba
720 2571 849 2602 com-

160 2605 335 2661 pdnitis,
365 2621 410 2656 et
441 2614 712 2660 subvertere
743 2617 849 2661 niti-

162 2666 266 2712 mini
304 2672 503 2717 amicum
545 2677 793 2720 vestrum?
823 2674 849 2696 ἦ

167 2722 482 2777 Verumtamen
547 2748 638 2778 uae
667 2735 846 2792 cogita-

168 2784 251 2837 stis,
275 2790 463 2846 explete.
512 2747 586 2846 (kf.
610 2793 756 2848 Quod
772 2795 847 2852 ju-

167 2850 275 2905 §tum
296 2858 374 2900 est,
396 2849 608 2906 judicate
638 2868 648 2905 ;
672 2861 720 2898 et
748 2868 844 2899 non

168 2907 386 2954 mvenietis
397 2910 445 2954 in
464 2912 626 2970 lingua
642 2927 749 2958 mea
762 2914 846 2958 ini-

394 270 569 340 Jnfra
596 272 773 326 Hebd.
799 276 1054 344 primam
1082 282 1431 350 Septembris.

942 412 1187 469 quitutem.
1210 442 1270 449 —
1285 418 1637 470 Verumtamen.

950 472 1104 518 OEdria
1116 475 1257 521 Patri.
1288 478 1638 529 Verumtamen.

1031 603 1232 651 FERIA
1265 610 1547 664 QUINTA.

1116 666 1189 711 De
1212 669 1332 714 libro
1345 670 1458 732 Job.

1021 734 1040 758 Ῐ
1065 735 1170 761 ΑΛὸι“,

950 867 973 907 .”
1015 889 1029 909 e
1196 881 1355 918 autem
1438 876 1636 936 Eliphaz

1136 958 1150 982 .2
1196 932 1513 989 Themanites‚
1564 940 1634 984 di-

959 1032 1026 1036 ,-,
1161 990 1162 993 ’
1194 992 1260 1036 xit
1288 1006 1298 1036 :
1341 994 1389 1038 Si
1429 998 1636 1054 coeperi-

935 1064 1035 1092 111115
1055 1052 1178 1106 loqui
1206 1052 1300 1100 tibi.
1324 1052 1519 1100 fursitan
1537 1071 1637 1103 mo-

931 1110 1046 1153 leste
1067 1112 1274 1167 accipies
1301 1126 1312 1157 ε
1349 1115 1433 1158 sed
1469 1117 1636 1162 conce-

931 1176 1065 1223 ptum
1078 1170 1343 1216 sermenem
1359 1174 1515 1219 tenere
1528 1178 1634 1233 quis

928 1228 1098 1283 peterit
1113 1230 1134 1273 ?
1155 1230 1279 1275 Ecce
1294 1232 1498 1279 docuisti
1516 1238 1634 1281 mul-

927 1294 1015 1339 tos,
1045 1296 1091 1333 et
1113 1303 1284 1335 manus
1315 1292 1462 1338 lassas
1492 1297 1633 1341 robo-

926 1346 1038 1391 rasti
1067 1362 1077 1392 ε
1099 1350 1370 1395 νειοὶΙΙάηῐεε
1383 1354 1632 1400 confirma-

924 1406 1090 1452 verunt
1141 1412 1383 1455 sermones
1444 1415 1525 1465 tui.
1582 1424 1630 1460 et

923 1465 1080 1521 genua
1113 1468 1361 1514 trementia
1393 1474 1630 1520 conforta-

924 1525 996 1570 sti.
1053 1527 1195 1571 Nunc
1221 1536 1381 1574 autern
1402 1534 1529 1577 venit
1553 1550 1630 1580 su-

922 1598 1006 1640 per
1038 1592 1084 1631 te
1113 1588 1270 1644 plaga,
1297 1597 1344 1634 et
1377 1592 1589 1638 defecisti
1619 1610 1628 1639 :

924 1644 1077 1703 tetigit
1096 1654 1154 1698 te,
1170 1654 1219 1691 et
1233 1651 1543 1696 conturbatus
1558 1668 1623 1699 es.

927 1704 1024 1749 Ubi
1047 1713 1119 1750 est
1142 1706 1285 1751 timor
1301 1716 1422 1761 tuus,
1445 1711 1630 1758 fortitu-

921 1765 986 1808 do
1031 1771 1125 1816 tua,
1167 1765 1398 1822 patientia
1440 1775 1535 1822 tua,
1582 1778 1630 1816 et

922 1823 1151 1880 perfeetio
1185 1824 1366 1871 viarum
1399 1827 1630 1877 murum?

985 1882 1057 1937 R?-
1083 1885 1132 1930 Si
1155 1885 1297 1931 bona.
1329 1889 1428 1946 165.

1154 1957 1318 2005 Lec'tio
1349 1957 1392 2007 ii.

1064 2026 1439 2082 ECORDARE,
1487 2031 1624 2077 dbse-

1092 2100 1172 2130 cro
1195 2095 1254 2138 te,
1282 2089 1385 2145 quis
1411 2103 1621 2148 unquam

918 2120 1142 2190 ffinocens
1164 2146 1300 2203 periit
1323 2149 1342 2191 Ρ
1363 2157 1445 2193 aut
1475 2164 1624 2206 quan-

916 2204 980 2247 do
1014 2205 1128 2249 redti
1157 2206 1298 2250 deleti
1321 2216 1430 2252 sunt
1453 2209 1473 2252 ?
1493 2209 1623 2263 Quin

916 2262 1075 2319 pdtius
1092 2265 1185 2308 vidi
1203 2279 1300 2316 eos,
1323 2268 1403 2324 qui
1421 2267 1622 2325 oper-{tn-

916 2330 991 2366 tur
1033 2323 1347 2380 iniquitatem,
1395 2334 1443 2370 et
1483 2328 1622 2372 semi-

914 2390 1031 2427 nant
1077 2383 1282 2436 doleres,
1338 2392 1385 2428 et
1435 2394 1622 2432 metunt

914 2454 1008 2492 eos,
1036 2442 1183 2486 flante
1216 2443 1324 2487 Deo
1356 2444 1544 2500 perisse,
1573 2455 1620 2491 et

913 2500 1081 2556 spiritu
1113 2502 1211 2546 irae
1243 2502 1344 2558 ejus
1375 2517 1478 2548 esse
1509 2518 1621 2549 con-

912 2558 1144 2617 sumptos.
1197 2560 1404 2617 Rugitus
1453 2563 1613 2617 leunis,

912 2627 958 2664 et
994 2633 1088 2664 vox
1121 2621 1325 2672 leaenae,
1370 2629 1416 2666 et
1452 2623 1618 2670 dentes

912 2679 1174 2724 catuldrum
1204 2679 1395 2725 lednum
1427 2684 1616 2730 contriti
1692 2713 1695 2726 .

911 2746 1036 2783 sunt.
1063 2739 1220 2794 Tigris
1235 2739 1384 2796 periit,
1413 2756 1470 2786 eo
1485 2745 1614 2799 quod

912 2811 1008 2841 non
1047 2798 1243 2842 haberet
1282 2802 1523 2857 praedam,
1566 2812 1613 2849 et

911 2856 1053 2900 catuli
1076 2857 1225 2902 lednis
1247 2859 1460 2916 dissipati
1483 2870 1606 2908 sunt.

955 2911 1044 2957 'R·'.
1071 2916 1355 2974 Antequam.
1380 2921 1476 2965 166.
