2050 3392
369 222 474 278 206
567 222 735 293 Infra
758 221 936 276 Hebd.
961 222 1225 293 quintam
1252 220 1619 292 Septembris.

367 367 421 406 ut
442 356 637 404 intraret
656 358 721 404 ad
741 372 916 417 regem,
929 366 979 404 et
995 359 1079 404 de-

368 418 640 478 precaretur
659 432 768 463 eum
790 432 878 475 pro
894 418 1078 476 pepulo

369 492 471 524 suo.
488 477 746 535 Regressus
756 477 1084 530 Athachmun·

371 537 505 583 tiavit
542 538 715 582 Esther
744 536 922 590 emnia,
955 550 1079 595 quae

372 596 725 641 Mardochaeus
734 596 931 642 dixerat.
939 597 1078 651 Quae

371 656 617 714 respendit
638 657 696 708 ei,
714 664 763 702 et
778 656 917 714 jussit
939 664 992 701 ut
1008 655 1079 700 di-

370 723 497 761 ceret
508 716 864 761 Mardochaeo:
897 715 1081 761 Omnes

372 774 492 820 servi
512 775 706 833 regiS,et
725 774 939 827 cunetae,
953 788 1080 833 quae

371 834 462 889 sub
490 834 670 880 ditiene
698 835 799 892 ejus
830 842 955 886 sunt,
995 847 1081 878 no-

372 901 481 938 runt
507 893 791 952 provinciae,
818 894 950 952 quod
983 894 1080 938 sive

373 953 456 1006 vir,
489 954 586 998 sive
612 953 793 1005 mulier,
813 967 912 999 non
940 952 1081 998 voca-

374 1015 464 1064 tus,
507 1012 701 1058 interius
741 1013 915 1058 atrium
956 1013 1080 1070 regis

373 1072 629 1128 intraverit,
655 1072 836 1130 absque
857 1072 954 1117 ulla
968 1085 1082 1116 cun-

373 1131 585 1176 c'tatiene
630 1133 792 1176 statim
833 1131 1082 1177 interficia-

375 1197 480 1234 tur:
507 1190 597 1234 nisi
628 1190 747 1235 sorte
776 1204 856 1234 rex
886 1191 1082 1236 auream

374 1249 555 1306 virgam
587 1250 648 1293 ad
685 1263 793 1293 eum
831 1251 1082 1295 tetenderit

374 1322 463 1366 pro
479 1309 616 1366 signo
629 1307 918 1362 clementiae,
935 1317 1082 1367 atque

374 1368 444 1412 ita
463 1368 611 1425 possit
634 1367 798 1413 vivere.
865 1368 973 1426 Ego
996 1368 1084 1427 igi-

376 1434 453 1482 tur
472 1428 718 1485 quemodo
738 1429 803 1472 ad
824 1441 985 1485 regem
1012 1429 1084 1474 in-

375 1485 499 1531 trare
526 1486 710 1544 petero,
736 1501 860 1545 quae
888 1488 1084 1545 triginta

371 1546 473 1604 jam
494 1546 661 1592 diebus
678 1559 774 1591 non
789 1560 896 1593 sum
912 1547 1085 1594 vocata

375 1605 441 1660 ad
462 1607 605 1651 eum?

431 1660 505 1725 K.
559 1665 790 1713 Conserta
838 1681 917 1714 me
959 1667 1077 1721 Rex,

375 1726 650 1773 saneterum
671 1728 992 1787 principatum
1014 1737 1083 1774 te-

375 1800 528 1831 nens:
551 1783 577 1807 ὕ
617 1788 680 1833 Et
716 1788 782 1833 da
813 1788 1081 1834 sermenem

373 1846 559 1891 ree'tum
595 1854 641 1891 et
672 1847 796 1892 bene
830 1847 1081 1893 sonentem

374 1905 424 1949 in
460 1918 514 1950 os
549 1919 718 1951 meum.
770 1902 832 1958 V.
874 1907 1083 1953 Demine

379 1964 483 2008 Rex
532 1965 776 2010 universae
802 1967 1075 2024 potestatis,

375 2022 597 2069 converte
632 2026 881 2070 consilium
915 2026 1081 2072 cerum

374 2096 519 2187 {uper
545 2085 771 2130 eos.—Et
804 2086 869 2131 da
902 2087 1083 2133 serme-

410 2155 502 2191 em.

598 2233 763 2281 Lectio
783 2234 845 2280 iii.

525 2321 671 2368 UOD
716 2337 825 2368 cum
869 2323 1080 2371 aud1sset

554 2383 918 2435 Mardochaeus,
981 2398 1081 2429 rur-

374 2454 482 2488 sum
516 2442 761 2488 mandetvit
798 2444 982 2496 Esther,
1011 2445 1082 2489 di-

373 2515 516 2548 cens:
549 2502 626 2546 Ne
658 2511 796 2560 putes
821 2504 954 2561 quod
981 2503 1082 2549 fini-
1167 2532 1172 2536 ,
1240 2497 1283 2540 03

373 2575 503 2606 mam
526 2569 657 2607 tuam
679 2569 865 2607 tantum
888 2562 1074 2615 liberes,
1165 2577 1171 2588 ¹
1268 2573 1284 2588 i

372 2622 488 2676 quia
507 2622 555 2665 in
576 2622 723 2667 domo
745 2622 866 2679 regis
888 2636 939 2667 es
966 2635 1081 2680 prae

373 2679 556 2725 cunetis
624 2681 788 2726 udaeis
811 2695 821 2726 :
871 2681 911 2726 si
952 2681 1080 2726 enim

375 2747 500 2781 nunc
521 2738 715 2790 silueris,
730 2754 817 2797 per
835 2739 979 2786 aliam
1000 2755 1081 2787 oc-

372 2794 615 2840 casienem
649 2798 970 2846 liberabt'mtur
994 2800 1082 2870 J¹.¹‘
1125 2802 1131 2807 ”

382 2851 489 2896 daei
508 2866 519 2898 :
541 2863 588 2900 et
610 2863 729 2910 tu,et
744 2859 919 2905 domus
933 2869 1084 2919 patris

1143 357 1211 404 tui
1224 357 1447 417 peribitis.
1513 357 1579 402 Et
1593 354 1702 414 quis
1723 356 1872 403 novit

1143 427 1302 462 utrum
1337 416 1513 474 idcirco
1548 416 1614 461 ad
1649 430 1870 474 regnum

1143 477 1336 529 veneris,
1375 483 1429 521 ut
1464 476 1513 521 in
1547 475 1629 520 tali
1670 476 1870 533 tempo-

1144 550 1192 581 re
1266 535 1463 581 amreris
1487 536 1509 581 Ρ
1550 534 1869 593 Rursumque

1146 596 1231 640 Est
1267 608 1318 640 er
1355 595 1475 640 haec
1522 595 1868 640 Mardochaeo

1144 655 1287 699 verba
1321 653 1566 700 mandevit
1591 667 1602 700 ε
1633 655 1782 699 Vade
1813 662 1869 699 et

1144 714 1400 771 cengregaff
1420 727 1588 759 omnes
1616 713 1860 777 judaeos,

1144 787 1267 831 quos
1287 774 1334 818 in
1356 774 1509 818 Susan
1539 773 1784 830 repereris,
1813 781 1867 818 et

1145 833 1277 878 orate
1298 846 1386 891 pro
1407 846 1497 879 me.
1560 833 1678 878 Non
1699 846 1868 878 come-

1146 892 1284 944 datis,
1312 899 1359 937 et
1389 906 1487 937 non
1508 891 1684 937 bibatis
1709 892 1864 938 tribus

1146 951 1325 1004 diebus,
1352 959 1401 997 et
1423 952 1570 997 tribus
1601 951 1863 997 nectibus:

1146 1020 1193 1056 et
1215 1025 1309 1069 ego
1329 1025 1439 1056 cum
1459 1011 1641 1056 ancillis
1662 1012 1784 1057 meis
1800 1012 1866 1056 si-

1146 1071 1570 1129 militet-jejunabo,
1591 1078 1640 1115 et
1658 1078 1774 1116 tunc
1790 1071 1864 1115 in-

1146 1130 1336 1189 grediar
1373 1131 1439 1175 ad
1473 1144 1648 1188 regem,
1689 1138 1863 1176 contra

1148 1190 1303 1248 legem
1326 1190 1517 1242 faciens,
1544 1203 1644 1235 non
1665 1190 1854 1242 vocata,

1148 1249 1433 1308 tradensque
1454 1263 1532 1294 me
1552 1251 1694 1295 morti
1711 1258 1761 1295 et
1776 1263 1861 1308 pe-

1148 1309 1309 1355 riculo.
1377 1309 1466 1354 Ivit
1481 1308 1644 1367 itaque
1659 1310 1859 1354 Mardo-

1148 1369 1335 1421 chaeus,
1353 1376 1400 1414 et
1411 1369 1518 1414 fecit
1535 1368 1715 1421 emnia,
1732 1382 1858 1428 quae

1147 1428 1191 1472 ei
1213 1428 1384 1473 Esther
1402 1428 1726 1487 praeceperat.

1204 1482 1277 1544 R7.
1307 1488 1453 1545 Spem
1483 1487 1533 1532 in
1562 1488 1710 1533 alium
1739 1501 1857 1533 nun·

1146 1560 1293 1605 quam
1325 1547 1486 1600 habui,
1522 1548 1856 1606 praeterquam

1148 1607 1197 1652 in
1228 1615 1287 1660 te,
1325 1607 1457 1653 Deus
1489 1607 1669 1653 Israe‘l:
1698 1599 1726 1626 '²‘
1759 1607 1854 1662 Qui

1149 1666 1374 1720 irasceriS,
1401 1674 1449 1713 et
1479 1667 1719 1727 propitius
1745 1667 1854 1713 eris:

1147 1736 1194 1772 et
1210 1727 1376 1773 emnia
1394 1728 1593 1786 peccata
1604 1728 1853 1774 heminam

1149 1787 1196 1831 in
1214 1787 1515 1833 tribuiatione
1529 1788 1746 1834 dimittis.
1784 1777 1846 1839 V·

1149 1846 1357 1893 Demine
1374 1848 1505 1893 Deus
1525 1847 1714 1893 creator
1736 1847 1853 1893 coeli

1147 1915 1195 1952 et
1216 1915 1379 1959 terrae,
1406 1906 1586 1966 respice
1606 1908 1672 1953 ad
1702 1907 1855 1952 humi-

1147 1966 1328 2012 litatem
1349 1966 1740 2023 nostram.—Qui
1767 1966 1855 2013 ire-

1147 2027 1303 2095 sceris.
1322 2085 1332 2096 .
1359 2021 1525 2074 Gleria
1558 2027 1703 2074 Patri.
1758 2026 1854 2083 Qui

1409 2168 1590 2179 ———-

1241 2229 1441 2275 FERIA
1474 2230 1761 2285 QUINTA.

1286 2289 1361 2334 De
1380 2289 1500 2335 libro
1522 2290 1711 2337 Esther.

1210 2355 1376 2406 Letstio
1397 2358 1424 2405 i.
1611 2366 1726 2425 Cap.
1746 2380 1789 2412 v·

1157 2447 1160 2450 '
1188 2448 1193 2450 ’
1220 2448 1243 2477 ἰ
1292 2441 1450 2494 5115:
1497 2448 1664 2487 autem
1718 2442 1855 2488 tertio

1409 2499 1580 2546 indtita
1593 2509 1667 2546 est
1682 2502 1856 2548 Esther

1409 2560 1648 2618 regalibus
1717 2562 1857 2607 vesti-

1319 2644 1325 2647 -
1410 2619 1596 2673 mentis,
1638 2629 1689 2666 et
1723 2622 1855 2668 stetit

1147 2680 1331 2726 inatno
1346 2680 1521 2725 domus
1535 2679 1708 2737 regiae.
1722 2682 1855 2738 quod

1146 2748 1247 2785 erat
1268 2738 1473 2793 interius,
1499 2739 1668 2786 centra
1697 2740 1857 2786 basili-

1146 2814 1253 2846 cam
1293 2800 1419 2858 regis
1450 2813 1462 2844 :
1513 2807 1564 2844 at
1601 2799 1678 2845 ille
1718 2800 1857 2846 sede-

1145 2860 1230 2907 bat
1258 2873 1401 2920 super
1429 2856 1600 2924 selium
1629 2872 1771 2921 suum
1801 2861 1854 2908 in
