2050 3392
501 272 785 342 Infiriali
809 271 997 342 Officio
1022 273 1108 325 ad
1127 273 1398 326 Pm'mam.

282 389 350 434 Ad
358 391 769 446 teclamaverunoet
778 394 891 439 salvi

226 446 329 492 faeti
347 459 444 496 sunt
471 466 481 497 :
502 451 527 475 ⁴*
549 452 594 496 in
612 461 657 498 te
678 452 892 510 sperave—

226 516 334 557 runt;
357 518 398 554 et
419 524 509 555 non
529 520 635 557 sunt
657 512 855 557 confusi.

279 567 373 624 Ego
396 579 544 615 autem
571 585 675 617 sum
703 572 883 623 vermis,

222 633 260 669 et
275 640 361 671 non
377 628 512 674 homo
527 629 890 688 :*0ppr6brium

219 684 890 748 hdminumetabjedtioplebis.

270 744 434 792 Omnes
448 749 650 793 videntes
665 763 751 801 me,
773 750 892 794 deri·

214 803 361 850 serunt
376 820 447 851 me
468 823 478 853 :
496 806 680 853 *locuti
698 818 809 854 sunt
826 808 891 854 la-

212 863 308 914 biis,
332 873 374 909 et
394 867 631 913 moverunt
652 876 811 925 caput.

244 922 462 990 ‘Speravit
485 927 529 970 in
552 927 775 977 deino,
803 926 892 971 eri-

210 991 305 1037 piat
329 997 429 1028 eum
456 1000 466 1030 :
488 984 513 1008 ⁴*
533 987 715 1031 salvum
746 986 890 1032 saciat

208 1054 322 1093 eum,
347 1044 560 1100 qudniam
582 1046 681 1090 vult
703 1059 825 1091 eum.

262 1101 486 1156 Qudniam
501 1114 551 1150 tu
564 1119 627 1156 es,
643 1105 724 1162 qui
739 1113 892 1149 extra-

207 1158 307 1205 xisti
330 1176 401 1206 me
425 1165 483 1209 de
510 1172 669 1208 ventre
698 1179 709 1210 :
732 1162 759 1187 ⁴*
780 1178 890 1222 spes

206 1231 306 1265 mea
348 1224 408 1266 ab
455 1223 675 1269 uberibus
726 1224 890 1269 matris

205 1291 340 1351 meae.
369 1282 421 1325 In
448 1291 492 1328 te
520 1281 763 1341 projedtus
783 1297 889 1329 sum

203 1351 256 1381 ex
276 1348 400 1385 utero
425 1355 435 1386 :

259 1397 328 1444 De
359 1408 510 1446 ventre
551 1401 717 1447 matris
754 1415 890 1446 meae

203 1455 324 1503 Deus
352 1474 478 1506 meus
498 1475 548 1507 es
570 1469 637 1514 tu,
666 1461 694 1486 ἃ
715 1474 776 1506 ne
796 1461 890 1505 dis-

201 1516 378 1564 cesseris
398 1534 426 1565 a
445 1535 522 1565 me
543 1535 553 1565 :

255 1576 481 1631 Qudniam
511 1579 755 1625 tribulatio
783 1578 891 1636 prd-

201 1634 317 1681 xima
328 1646 395 1683 est
410 1637 455 1683 :⁴⁵
464 1639 694 1698 qudniam
709 1651 805 1683 non
818 1646 889 1684 est

200 1696 272 1752 qui
293 1696 489 1755 adjuvet.

254 1755 670 1803 Circumdederunt
705 1771 783 1802 me
823 1756 887 1802 vi-

200 1814 275 1858 tuli
297 1817 425 1861 multi
453 1832 462 1862 :
487 1816 513 1840 ’ἦ
537 1817 659 1863 tauri
689 1818 889 1875 pingues

199 1874 468 1921 obsederunt
495 1890 586 1921 me.

248 1933 540 1992 Aperuerunt
571 1949 715 1993 super
735 1949 813 1980 me
834 1947 888 1980 os

198 1994 372 2063 suum*
389 1995 507 2040 sicut
523 1996 602 2040 leo
617 1994 819 2053 rapiens,
842 2002 887 2039 et

199 2062 385 2108 rugiens.

250 2112 376 2157 Sicut
392 2127 516 2170 aqua
532 2112 711 2158 effusus
727 2126 832 2157 sum
842 2128 852 2158 ε
862 2112 889 2137 ⁴*

199 2175 239 2213 et
254 2171 459 2229 dispersa
474 2181 586 2218 sunt
603 2172 766 2218 &mnia
782 2185 891 2218 ossa

198 2239 306 2275 mea.

251 2288 447 2335 Paetum
492 2298 564 2336 est
606 2304 692 2335 cor
730 2304 890 2335 meum
921 2325 922 2330 ,

200 2353 432 2413 §amquam
453 2364 561 2395 cera
585 2350 847 2406 liquescens
864 2348 890 2373 ⁴*

200 2417 242 2449 111
261 2409 415 2453 medio
435 2410 609 2454 ventris
631 2410 737 2453 mei.

248 2466 384 2512 Aruit
401 2476 648 2526 tamquam
668 2475 789 2512 testa
805 2468 892 2512 vir-

201 2529 267 2570 tus
287 2540 404 2578 mea,
427 2536 474 2572 et
497 2529 663 2584 lingua
683 2540 790 2571 mea
809 2529 892 2572 ad-

157 2619 160 2632 i
201 2582 340 2649 haesit
370 2585 587 2631 saucibus
618 2586 736 2630 meis
760 2601 769 2631 ε
799 2586 826 2611 ⁴*
847 2594 893 2631 et

201 2644 487 2711 lnpt'ilverem
509 2646 679 2690 mortis
700 2645 896 2690 deduxi-

203 2709 252 2746 sti
274 2718 362 2749 me.

254 2763 442 2818 Qudnia
482 2764 895 2809 circumdederunt

204 2832 270 2865 me
282 2836 424 2868 canes
436 2825 592 2869 multi:
603 2822 630 2847 ⁴*
644 2823 895 2868 concilium

203 2881 554 2940 malignamium
576 2882 766 2929 obsedit
786 2897 876 2930 me.

1598 288 1659 341 35

1012 393 1256 440 Foderunt
1277 407 1447 439 manus
1462 406 1593 439 moes
1608 400 1656 438 et

951 455 1097 511 pedes
1114 467 1247 498 meos
1266 451 1319 499 z*
1335 451 1659 498 dinumerave-

953 522 1062 558 runt
1084 513 1246 558 &mnia
1268 526 1376 557 ossa
1398 527 1517 557 moe.

1014 573 1111 630 Ipsi
1126 586 1236 617 vero
1244 571 1657 617 consideraverunt

952 640 997 676 et
1016 632 1316 690 inspexerunt
1334 645 1437 675 me:
1452 629 1477 653 *
1492 630 1659 676 divise-

954 699 1063 735 runt
1095 692 1181 735 sibi
1218 691 1500 735 vestimenta
1531 703 1651 740 mea.

954 759 1000 795 et
1023 763 1165 807 super
1184 758 1361 795 vestem
1393 762 1550 794 meam
1572 749 1659 793 mi-

954 809 1116 855 serunt
1136 818 1325 854 sortem.

1013 867 1093 913 Tu
1128 876 1300 920 autem,
1339 867 1558 919 deine,
1594 880 1658 911 ne

954 927 1244 984 elongaveris
1272 927 1500 972 auxilium
1520 934 1658 971 tuum

955 1001 985 1032 a
1016 1001 1093 1030 me
1125 998 1135 1028 z
1173 986 1200 1011 ⁴*
1233 987 1298 1030 ad
1336 985 1658 1031 defensidnem

955 1059 1113 1090 meam
1134 1045 1368 1103 c6nspice.

1014 1106 1141 1149 Erue
1190 1119 1220 1149 a
1268 1104 1460 1156 framea,
1509 1104 1653 1156 Deus,

953 1164 1164 1209 animam
1181 1178 1337 1208 meam
1353 1179 1363 1208 ε
1381 1162 1408 1187 ¹*
1421 1172 1467 1209 et
1484 1165 1544 1208 de
1559 1177 1660 1208 ma-

954 1238 1018 1268 nu
1041 1224 1171 1268 canis
1193 1222 1380 1268 unicam
1401 1237 1558 1268 meam
1577 1237 1588 1267 ε

1013 1283 1154 1328 Salva
1174 1297 1250 1327 me
1270 1297 1327 1327 ex
1349 1297 1430 1328 ore
1449 1282 1616 1327 lednis:
1630 1279 1657 1305 ⁴*

953 1350 998 1386 et
1035 1357 1066 1387 a
1101 1342 1321 1387 cdrnibus
1360 1342 1660 1388 unicdrnium

955 1401 1267 1446 humilitatem
1291 1415 1461 1446 meam.

1018 1460 1239 1505 Narrabo
1289 1474 1463 1505 nomen
1522 1468 1658 1505 tuum

956 1519 1177 1564 fratribus
1203 1520 1319 1564 meis
1348 1534 1357 1564 :
1380 1519 1406 1544 ⁴*
1429 1520 1478 1563 in
1498 1518 1659 1563 medio

956 1579 1180 1624 ecclesiae
1202 1578 1409 1623 iaudabo
1432 1585 1489 1623 te.

1013 1639 1110 1693 Qui
1143 1638 1316 1682 timetis
1350 1637 1526 1687 Dfium.
1559 1636 1660 1681 lau-

955 1698 1070 1743 date
1090 1711 1200 1743 eum
1223 1712 1233 1742 ε
1256 1694 1283 1720 *
1300 1695 1568 1742 universum
1590 1710 1661 1741 se·

956 1771 1066 1802 men
1075 1757 1242 1818 Jacob,
1250 1755 1509 1814 glorificate
1522 1768 1633 1800 eum
1647 1768 1658 1799 z

1015 1816 1205 1860 Timeat
1219 1829 1327 1860 eum
1345 1828 1486 1860 omne
1499 1827 1659 1860 semen

959 1875 1105 1921 Israel
1121 1874 1404 1932 :*qu6niam
1421 1888 1518 1919 non
1532 1887 1659 1931 spre-

956 1936 1034 1987 vit,
1064 1948 1217 1993 neque
1248 1934 1461 1992 despexit
1492 1936 1658 1992 depre-

954 1994 1192 2041 catidnem
1279 1995 1433 2052 uperis
1456 2009 1467 2039 ε

1016 2054 1121 2100 Nec
1141 2068 1199 2099 av
1229 2054 1307 2099 rtit
1328 2053 1496 2099 faciem
1520 2066 1656 2097 suam

954 2127 984 2158 a
1005 2128 1082 2158 me
1110 2129 1119 2158 ε
1143 2112 1169 2137 ⁴*
1191 2120 1237 2158 et
1263 2127 1372 2157 cum
1403 2111 1657 2157 clamarem

952 2174 1015 2218 ad
1037 2186 1160 2224 eum,
1187 2172 1422 2217 exaudivit
1444 2186 1534 2216 me.

1012 2232 1158 2290 Apud
1188 2239 1233 2276 te
1260 2232 1362 2276 laus
1387 2244 1496 2275 mea
1515 2231 1564 2274 in
1585 2243 1660 2274 ec-

954 2291 1096 2337 clesia
1123 2304 1301 2348 magna
1327 2305 1337 2335 ε
1360 2288 1387 2313 ⁴*
1412 2298 1524 2335 vota
1552 2302 1660 2333 mea

955 2352 1151 2395 reddam
1163 2351 1209 2395 in
1221 2350 1482 2408 conspeetu
1492 2348 1660 2394 timen-

956 2411 1074 2455 tium
1096 2424 1219 2454 eum.

1015 2470 1170 2514 Edent
1192 2467 1437 2526 panperes,
1464 2475 1509 2512 et
1533 2474 1660 2512 satu-

954 2528 1184 2573 rabuntur
1228 2542 1238 2572 ε
1292 2535 1338 2572 et
1394 2526 1655 2572 laudabunt

957 2588 1119 2632 Dfium
1134 2587 1214 2644 qui
1230 2586 1470 2643 requirunt
1485 2598 1613 2630 eum:
1629 2583 1657 2608 '³‘

955 2647 1109 2691 vivent
1131 2648 1278 2691 corda
1304 2645 1468 2691 edrum
1489 2645 1537 2688 in
1558 2657 1658 2690 sae-

956 2707 1114 2751 culum
1136 2705 1323 2750 saeculi.

1019 2764 1406 2815 Reminiseentur,
1454 2771 1499 2808 et
1545 2777 1659 2809 con-

957 2825 1195 2870 vertentur
1233 2825 1295 2869 ad
1339 2823 1599 2868 deinum
1629 2822 1658 2848 ⁴*

959 2884 1159 2931 universi
1181 2883 1298 2929 fines
1318 2891 1468 2929 terrae
1492 2896 1505 2929 ε
