2050 3392
537 272 713 324 Feria
737 274 936 339 quinta
960 272 1042 323 ad
1059 273 1434 328 Matutinum.

1647 290 1712 343 97

280 394 396 440 Non
428 392 762 441 custodierunt
797 399 937 438 testa—
967 409 971 416 ‚
1005 392 1160 446 Deo!
1197 408 1286 440 nec
1321 375 1624 453 speraverunt
1648 375 1708 441 *in

219 454 437 501 mentum
460 454 554 499 Dei
577 466 588 498 t
627 451 655 476 ⁴*
683 460 731 497 et
759 452 807 496 in
835 452 939 510 lege
1004 452 1196 499 salutati
1218 455 1319 512 ejus
1343 469 1353 499 :

217 515 321 571 eJ’us
341 512 599 558 noluetum
621 510 879 557 ambulare.

276 574 341 617 Et
363 573 501 619 obliti
523 579 637 617 sunt
666 571 937 617 benefadtd-

217 646 324 677 rum
357 633 473 689 ejus,
504 630 531 655 ⁴*
564 639 612 676 et
649 631 933 676 mirabilium

216 693 320 751 eJus
343 705 469 750 quae
490 691 703 736 ostendit
732 691 812 735 eis.

279 752 459 797 Coram
468 751 687 808 patribus
696 749 860 795 edrum
871 750 935 795 fe-

216 811 281 856 cit
304 810 541 855 mirabilia
560 810 611 853 in
645 817 769 854 terra
787 809 935 867 AEgy-

216 870 301 928 pti,
312 868 342 893 ⁴*
357 871 405 914 in
420 882 598 927 oempo
619 868 826 914 Taueos.

280 928 542 987 Interrupit
572 942 716 981 mare,
752 936 799 974 et
830 942 933 986 per-

217 988 357 1034 duxit
373 1003 475 1035 eos:
490 988 518 1013 ⁴*
535 996 582 1033 et
598 987 767 1034 statuit
782 1002 932 1046 aquas

217 1049 358 1106 quasi
381 1049 430 1093 in
450 1056 571 1094 utre.

278 1108 345 1153 Et
366 1107 564 1153 deduxit
594 1121 678 1153 eos
718 1107 766 1153 in
807 1109 933 1153 nube

215 1167 313 1213 diei
338 1165 393 1213 z*
409 1175 456 1212 et
475 1175 580 1213 tota
600 1167 742 1213 noete
763 1167 811 1212 in
832 1168 933 1212 illu-

217 1227 482 1273 minatidne
504 1227 642 1284 ignis.

281 1285 540 1344 Interrupit
562 1294 748 1344 petram
771 1286 819 1332 in
834 1286 932 1332 ere-'2-

217 1359 301 1391 mo
325 1359 337 1391 :
361 1344 387 1369 ⁴*
407 1353 457 1392 et
476 1345 736 1403 adaquavit
752 1360 835 1391 eos
855 1360 932 1391 ve-

217 1406 289 1451 lut
312 1405 363 1450 in
384 1407 562 1463 abysso
584 1405 747 1451 multa.

277 1466 344 1510 Et
365 1464 529 1510 eduxit
551 1478 729 1524 aquam
757 1466 818 1510 de
848 1479 931 1523 pe-

216 1530 292 1570 tra
312 1539 325 1570 z
347 1523 374 1548 ⁴*
395 1533 442 1569 et
464 1524 661 1570 deduxit
684 1533 930 1582 tamquam

217 1583 422 1630 flumina
442 1597 606 1642 aquas

276 1644 343 1689 Et
403 1642 731 1702 apposuerunt
770 1644 930 1688 adhuc

429 1704 472 1749 ei
489 1718 499 1749 :
518 1701 547 1726 ⁴*
561 1703 611 1747 in
628 1703 744 1748 iram
757 1704 930 1749 excita-

216 1764 384 1809 verunt
434 1762 687 1808 Excelsum
738 1763 787 1807 in
831 1763 929 1808 ina-

215 1822 388 1881 qudso.
417 1880 420 1883 Ἴ
522 1860 527 1864 ,

275 1883 341 1928 Et
369 1880 668 1928 tentaverunt
692 1881 850 1927 Deum
880 1880 929 1927 in

214 1942 441 1988 cdrdibus
457 1943 556 1987 suis
577 1956 587 1988 ε
605 1940 632 1964 ⁴*
650 1950 702 1987 ut
715 1941 928 1998 peterent

213 2015 350 2048 escas
370 2001 621 2047 animabus
642 2001 754 2046 suis.

275 2062 341 2106 Et
377 2062 502 2106 male
536 2059 682 2106 locuti
719 2067 830 2106 sunt
866 2061 928 2105 de

215 2120 352 2165 Deo:
367 2119 395 2143 ⁴*
411 2120 631 2166 dixerunt
648 2134 658 2164 :
675 2119 926 2178 Numquid

213 2180 390 2237 pdterit
427 2179 559 2225 Deus
592 2179 761 2237 parate
796 2192 926 2224 men-

212 2253 319 2285 sam
341 2240 388 2283 in
412 2239 638 2284 deserto?

273 2298 519 2353 Quoniam
571 2296 803 2356 percussit
843 2311 925 2355 pe-

213 2364 351 2408 tram,
375 2365 423 2402 et
445 2357 684 2403 fluxerunt
706 2370 873 2414 aquae,
896 2356 924 2381 ὓ

210 2424 260 2460 et
288 2416 521 2461 torrentes
557 2416 918 2464 inundaverunt.

274 2474 526 2531 Numquid
541 2481 588 2520 et
602 2488 776 2533 panem
791 2474 926 2532 pdte-

210 2534 272 2579 rit
293 2533 423 2586 dare,
445 2532 472 2557 *
493 2541 576 2579 aut
598 2533 765 2592 parate
795 2546 925 2579 men-

211 2606 319 2637 sam
339 2592 522 2650 pdpulo
542 2606 632 2639 suo
644 2594 666 2639 Ρ

276 2651 396 2696 Ideo
410 2652 589 2697 audIvit
609 2651 860 2706 deinus,
876 2660 921 2699 et

209 2710 400 2756 distulit
418 2724 429 2755 ε
448 2709 474 2734 ⁴*
495 2720 541 2757 et
558 2712 680 2768 ignis
696 2712 922 2759 accensus

210 2778 287 2815 est
304 2771 354 2814 in
365 2771 531 2832 Jacob,
555 2780 602 2817 et
620 2773 689 2816 ira
709 2772 921 2819 aseendit

211 2828 261 2874 in
287 2829 435 2874 Israel
457 2844 468 2875 :

273 2889 403 2944 Quia
435 2902 528 2935 non
550 2890 847 2937 crediderunt
872 2891 919 2935 in

332 3051 458 3100 Pars
475 3053 520 3100 A
526 3058 810 3102 utunmalts.

1062 513 1126 559 Et
1146 512 1390 558 mandaVit
1408 513 1612 560 nubibus
1627 516 1710 561 de-

1001 585 1154 629 super,
1165 571 1191 596 ⁴*
1204 580 1252 617 et
1266 573 1438 632 jaiiuas
1459 574 1577 618 coeli
1597 575 1710 632 ape-

999 632 1107 677 ruit.

1063 692 1126 736 Et
1147 691 1266 749 pluit
1297 692 1387 738 illis
1428 706 1606 738 manna
1644 695 1708 739 ad

1002 750 1439 805 manducandum*
1462 760 1507 797 et
1533 765 1706 810 panem

1001 810 1120 855 coeli
1144 811 1275 855 dedit
1296 804 1376 856 eis.

1064 868 1242 914 Panem
1264 870 1555 927 Angeldrum
1574 885 1706 916 man·

1002 928 1194 973 ducavit
1235 929 1382 974 homo
1411 945 1421 974 :
1463 929 1491 953 ὕ
1532 930 1706 976 cibaria

1002 988 1132 1032 misit
1155 989 1220 1036 eis
1242 989 1290 1033 in
1312 987 1620 1034 abundantia.

1062 1047 1325 1093 Trdnstulit
1371 1049 1599 1094 Austrum
1645 1051 1706 1094 de

1000 1107 1137 1153 coelo
1158 1121 1168 1152 ε
1186 1105 1213 1130 ⁴*
1229 1115 1277 1152 et
1298 1107 1479 1153 induxit
1495 1108 1543 1152 in
1564 1108 1702 1154 virtu-

997 1174 1046 1212 te
1065 1180 1154 1212 sua
1173 1166 1399 1212 Africum.

1059 1227 1120 1271 Et
1153 1227 1272 1285 pluit
1303 1240 1445 1284 super
1473 1241 1553 1272 eos
1585 1229 1704 1273 sicut

996 1285 1236 1343 pulverem
1258 1300 1422 1332 carnes
1445 1285 1501 1332 τ’
1517 1295 1562 1331 et
1584 1289 1704 1335 sicut

996 1345 1188 1450 ωξηω
1210 1347 1352 1392 maris
1368 1346 1576 1392 volatilia
1591 1359 1705 1403 pen-

997 1418 1029 1450 n
1063 1412 1123 1451 ta.

1058 1465 1121 1509 Et
1156 1465 1428 1511 ceciderunt
1464 1465 1510 1510 in
1544 1465 1703 1510 medio

996 1524 1260 1571 castrdrum
1301 1525 1467 1571 edrum
1495 1538 1504 1569 :
1529 1522 1555 1547 ⁴*
1581 1526 1705 1572 circa

996 1583 1303 1629 tabernacula
1322 1584 1502 1630 eorum.

1058 1644 1122 1689 Et
1142 1642 1548 1688 manducaverunt
1563 1651 1609 1687 et
1630 1657 1703 1687 sa-

999 1703 1141 1749 turati
1158 1710 1270 1749 sunt
1282 1703 1435 1753 nimiS,
1458 1710 1504 1746 et
1520 1703 1703 1748 deside·

998 1763 1121 1807 rium
1151 1761 1318 1807 edrum
1349 1760 1507 1806 attulit
1538 1762 1605 1805 eis
1633 1775 1642 1804 :
1675 1761 1702 1785 ’θ

995 1835 1093 1866 non
1115 1827 1224 1866 sunt
1246 1819 1452 1865 fraudati
1474 1834 1505 1864 a
1524 1820 1704 1866 deside-

994 1881 1067 1926 rio
1088 1894 1189 1926 suo.

1013 1992 1019 1998 ¹
1053 1941 1228 1986 Adhuc
1240 1953 1376 1986 escae
1388 1938 1551 1986 edrum
1567 1948 1699 1986 erant

996 1999 1045 2044 in
1061 2013 1144 2045 ore
1159 1999 1371 2058 ipsdrum
1395 2014 1404 2044 :
1424 1997 1450 2022 ⁴*
1464 2008 1511 2045 et
1528 2000 1596 2045 ira
1610 2001 1698 2044 Dei

995 2060 1208 2105 ascendit
1230 2073 1371 2117 super
1391 2072 1488 2104 eos.

1057 2119 1119 2164 Et
1162 2118 1338 2164 occidit
1377 2119 1580 2176 pingues
1620 2118 1698 2164 εό-

995 2192 1112 2229 rum.
1134 2177 1162 2202 ⁴*
1182 2187 1229 2224 et
1249 2177 1425 2224 eleetos
1451 2178 1592 2223 Israel
1614 2179 1698 2223 im·

993 2238 1188 2295 ped1vit.

1056 2297 1112 2342 In
1153 2297 1376 2343 dmnibus
1417 2297 1490 2342 his
1533 2309 1698 2353 pecca-

991 2355 1157 2402 verunt
1198 2358 1357 2402 adhuc
1389 2371 1399 2401 ε
1443 2355 1470 2378 ⁴*
1512 2364 1559 2400 et
1599 2368 1697 2400 non

991 2415 1289 2463 crediderunt
1325 2416 1374 2460 in
1406 2415 1698 2461 mirabilibus

988 2476 1118 2533 eJus.⁴

1050 2535 1114 2580 Et
1134 2534 1405 2581 defecerunt
1426 2535 1475 2579 in
1491 2533 1697 2580 vanitate

989 2594 1092 2640 dies
1121 2594 1285 2640 ebrum
1314 2609 1324 2640 :
1348 2593 1375 2617 ⁴*
1395 2601 1442 2639 et
1475 2593 1586 2639 anni
1616 2593 1697 2641 ed-

989 2667 1094 2699 rum
1115 2667 1225 2699 cum
1248 2652 1559 2699 festinatidne.

1050 2713 1173 2758 Cum
1187 2713 1424 2758 occideret
1441 2726 1536 2765 eos,
1552 2728 1694 2771 quae-

988 2771 1156 2818 rebant
1164 2786 1294 2816 eum:
1310 2770 1392 2816 *et
1401 2773 1693 2819 reverteban-

990 2838 1077 2883 tur,
1105 2840 1153 2876 et
1195 2829 1402 2876 diluculo
1444 2833 1690 2879 veniebant

986 2891 1052 2936 ad
1073 2905 1198 2936 eum.

1573 3073 1601 3118 5
