2050 3392
242 373 324 414 Asi
355 372 558 417 Primam
591 374 636 418 in
667 374 740 430 R7.
769 376 896 420 brevi

172 431 244 476 V.
279 427 544 483 Qui-natus
574 443 626 477 es
655 430 717 478 de
739 431 899 479 Maria

174 482 402 546 Virgine.
877 494 888 508 ”

242 552 324 594 Α(1
359 551 607 606 Vesperas,
659 552 894 609 Antipho·

179 625 275 654 nae
306 619 351 653 ct
383 612 551 653 Psalmi
579 611 772 662 feriales,
804 612 894 655 Ca·

181 671 390 726 pitulum
424 679 470 713 et
504 672 682 724 reliqua
715 671 888 719 onmia,

177 731 214 772 si
275 743 372 771 non
427 737 640 772 occurrat
705 729 893 772 Festum

179 789 392 842 Duplex,
423 789 482 830 de
506 788 769 831 Dominica.

249 848 304 888 In
350 847 442 888 fine
484 848 894 890 commemoratio-

181 920 270 948 nes
304 914 574 955 consuetae,
603 912 654 948 ut
687 906 731 948 in
769 907 893 949 Psal-

184 966 320 1008 terio.

251 1023 503 1067 Leetiones
539 1032 786 1079 sequentes
824 1026 890 1069 di-

179 1092 356 1126 cuntur
408 1084 603 1138 singulis
651 1085 895 1131 mensibus

179 1144 228 1184 in
277 1142 449 1185 Officio
495 1143 668 1186 Beatae
713 1144 892 1189 Mariae

448 245 704 314 Officium
727 249 796 300 B.
824 248 1058 303 Mariae
1081 254 1145 305 in
1170 253 1425 311 Sabbata.

1496 259 1669 317 clxxv,

968 373 1076 428 cati,
1145 386 1357 423 nostram
1420 381 1675 440 susciperet

969 437 1253 481 vetustatem
1272 454 1280 490 ;
1303 446 1349 482 et
1365 442 1676 486 consubstan-

967 495 1090 540 tialis
1118 497 1241 540 Patri
1258 499 1674 546 consubstantialis

967 566 1069 598 esse
1113 556 1386 612 dignaretur
1427 567 1472 601 et
1513 562 1666 612 matri,

966 614 1278 671 naturitmque
1319 617 1407 660 sibi
1460 628 1671 662 nostram

966 674 1093 716 solus
1106 687 1136 716 a
1151 675 1348 730 peccato
1367 677 1481 719 liber
1495 678 1669 722 uniret:

965 733 1181 788 subjugo
1199 735 1372 778 diaboli
1390 736 1671 792 generaliter

967 796 1202 835 teneretur
1235 794 1442 838 humana
1475 798 1669 853 captivi·

968 857 1052 893 tas.

1024 908 1097 952 Te
1120 908 1275 954 Deum
1300 911 1561 959 laudemus.
1594 929 1659 972 17.

1024 983 1255 1027 MENSE
1295 985 1600 1033 OCTOBRI.

962 1056 1130 1103 Sermo
1151 1059 1549 1164 sangtgtgernardi
1568 1062 1667 1107 Ab·
1690 1109 1700 1126 ,

181 1204 229 1244 iu
288 1203 514 1255 Sabbato,
569 1204 734 1247 ordine
783 1206 893 1249 sub·
958 1176 1043 1222 Ex
1057 1178 1210 1223 serm'
1234 1194 1288 1223 ²²²
1305 1185 1402 1237 cap·
1425 1193 1500 1225 κη’
1515 1180 1657 1240 Apoc’

179 1262 377 1317 scripto.

191 1338 431 1385 MENSE
463 1339 859 1388 SEPTEMBRI.

171 1411 254 1456 Ex
277 1411 495 1468 Epistola
516 1413 561 1458 S.
593 1413 767 1460 Leenis
796 1414 882 1460 Pa-

237 1484 327 1528 pae
364 1473 427 1516 ad
461 1472 753 1519 Pulcheriam
787 1475 883 1520 Au-

237 1529 439 1586 gustam.

192 1587 353 1646 Epist.
380 1590 473 1635 xiii.
501 1596 613 1635 ante
634 1591 857 1637 medium.

411 1663 580 1710 Leeftio
601 1664 662 1711 iii.

310 1737 349 1780 Α
363 1736 403 1781 C
415 1736 455 1779 R
466 1736 511 1780 A
525 1738 577 1780 M
598 1737 637 1781 E
648 1738 694 1782 N
711 1738 755 1782 T
768 1739 812 1782 U
828 1739 880 1783 M

340 1797 733 1843 reconciliatienis
798 1811 881 1843 no-

166 1862 302 1900 strae
323 1863 433 1898 ante
456 1854 670 1911 tempora
692 1857 884 1902 aeterna

167 1913 476 1969 dispesitum,
519 1915 676 1959 nullae
718 1916 881 1973 impie-

167 1974 293 2017 bant
311 1971 488 2028 figt'irae
509 1987 518 2017 t
542 1975 653 2030 quia
666 1976 880 2020 nondum

166 2032 504 2087 supervenerat
537 2034 740 2091 Spiritus
774 2049 881 2080 san-

165 2091 281 2135 <stus
298 2090 342 2134 in
356 2091 611 2148 Virginem,
633 2108 719 2138 nec
735 2095 878 2141 virtus

166 2150 400 2196 Altissimi
431 2152 795 2199 obumbrz‘werat
817 2156 872 2206 ei,

168 2217 228 2253 ut
243 2219 287 2252 et
301 2210 422 2254 intra
436 2211 716 2259 intemerata
734 2215 877 2259 visce-

167 2281 240 2317 ra,
268 2269 542 2320 aedificente
570 2273 657 2316 sibi
682 2273 877 2329 Sapien-

170 2328 244 2370 tia
273 2327 480 2378 domum,
518 2329 728 2376 Verbum
766 2346 876 2377 caro

169 2386 324 2433 fieret,
352 2395 396 2429 et
418 2387 569 2433 forma
597 2390 684 2434 Dei
708 2406 764 2436 ac
787 2393 877 2437 for-

170 2457 257 2488 nia
296 2446 409 2487 servi
452 2446 498 2488 in
530 2461 674 2493 unam
707 2464 875 2496 conve-

171 2502 334 2547 niente
383 2505 646 2559 persenam,
693 2510 878 2555 creator

173 2563 443 2617 temporum
503 2567 770 2612 nasceretur
828 2570 874 2613 in

172 2620 401 2677 ternpore,
425 2630 470 2665 et
493 2636 731 2680 perquem
749 2626 876 2673 fae'ta

174 2688 285 2725 sunt
320 2679 494 2732 emnia,
538 2682 637 2739 ipse
674 2685 793 2730 inter
823 2688 875 2733 ό-

174 2738 304 2784 mnia
382 2741 665 2797 gigneretur.
769 2744 871 2791 Nisi

174 2798 300 2843 enim
315 2811 462 2843 novus
477 2800 636 2853 hemo,
656 2802 810 2849 fae'tus
825 2806 873 2850 in

175 2857 528 2903 similitudinem
571 2863 723 2908 carnis
765 2876 874 2922 pec·

1133 1242 1245 1282 ante
1265 1239 1486 1285 medium.

1187 1312 1353 1359 Leetio
1375 1315 1436 1362 iii.

1119 1390 1171 1434 M
1187 1391 1223 1434 P
1235 1390 1326 1435 LE
1338 1392 1378 1438 C
1386 1392 1549 1438 TAM
1563 1394 1658 1440 UR

1139 1450 1321 1495 MarIae
1338 1452 1550 1509 vestigia,
1568 1453 1657 1498 sra-

952 1515 1046 1550 tres
1097 1509 1205 1559 mei,
1251 1518 1298 1553 et
1352 1511 1661 1557 devotissima

952 1566 1299 1621 supplicatiene
1342 1570 1492 1614 beatis
1538 1571 1658 1616 illius

953 1624 1153 1678 pedibus
1174 1627 1517 1682 provolvamur.
1566 1630 1658 1674 Te-

952 1682 1152 1728 neamus
1198 1699 1318 1736 eam,
1366 1701 1454 1732 nec
1501 1689 1657 1734 dimit-

954 1741 1123 1794 tamus,
1168 1745 1322 1789 donec
1365 1747 1656 1794 benedixerit

953 1802 1090 1845 nobis
1129 1817 1138 1847 :
1200 1812 1368 1860 potens
1401 1815 1472 1851 est
1511 1808 1649 1853 enim.

954 1860 1144 1918 Nempe
1176 1863 1321 1908 vellus
1353 1873 1424 1908 est
1446 1865 1656 1912 medium

951 1919 1072 1963 inter
1093 1934 1245 1965 rorem
1269 1930 1315 1966 et
1337 1923 1495 1968 aream
1521 1939 1531 1969 :
1555 1925 1657 1970 mt't-

951 1979 1035 2022 lier
1066 1980 1186 2024 inter
1216 1982 1363 2026 solem
1388 1993 1434 2028 et
1459 1985 1618 2030 lunam
1644 2000 1653 2037 ;

951 2039 1109 2083 Maria
1151 2041 1272 2085 inter
1326 2041 1562 2089 Christum
1605 2054 1652 2089 et

950 2097 1209 2143 Ecclesiam
1228 2102 1497 2148 constituta.
1556 2105 1653 2149 Sed

947 2157 1068 2202 forte
1090 2159 1282 2211 mireris,
1311 2174 1407 2206 non
1439 2171 1536 2207 tam
1561 2164 1652 2208 vel·

947 2217 1017 2261 lus
1061 2219 1276 2275 opertum
1330 2234 1446 2273 rore,
1504 2236 1650 2280 quam

946 2277 1171 2322 amietam
1228 2280 1328 2330 soie
1386 2281 1642 2327 mulierem.

949 2336 1130 2392 Magna
1151 2338 1384 2394 siquidem
1413 2340 1650 2385 familiari-

946 2402 1032 2446 tas,
1059 2397 1142 2440 sed
1175 2397 1293 2441 mira
1324 2399 1520 2443 omnino
1542 2400 1651 2444 vici·

944 2455 1067 2498 nitas
1127 2455 1251 2506 solis,
1310 2464 1356 2500 et
1421 2458 1640 2504 mulieris.

943 2512 1204 2566 Quernodo
1226 2515 1351 2557 enim
1374 2514 1420 2559 in
1452 2524 1549 2560 tam
1570 2531 1648 2561 ve-

943 2571 1151 2616 hementi
1167 2573 1359 2624 fervere,
1387 2583 1484 2619 tam
1508 2576 1647 2632 fregi-

941 2630 997 2675 lis
1020 2630 1189 2675 natfira
1210 2633 1450 2678 subsistit?
1471 2634 1645 2680 Merito

943 2690 1136 2746 quidem
1199 2692 1445 2737 admireris
1505 2693 1645 2752 Mey-

942 2761 1015 2793 ses
1038 2748 1214 2801 sancite,
1243 2758 1290 2795 et
1317 2752 1542 2798 curiesius
1563 2755 1645 2799 de-

942 2808 1120 2853 sideras
1145 2809 1326 2854 intueri.
1393 2810 1644 2858 Verumta-

942 2880 1053 2913 men
1075 2868 1202 2913 solve
1231 2870 1554 2917 calceamenta
1580 2874 1643 2917 de
