2050 3392
448 252 619 320 Infra
642 250 817 304 Hebd.
847 251 1073 304 tertiam
1098 252 1449 307 Novembris.

186 404 323 441 num,
338 402 490 445 quam
507 388 829 445 derelinquere
842 388 907 433 le-

186 465 301 508 gem
327 449 420 493 Dei
454 449 561 492 mei.
611 457 673 514 ῑ*
697 449 747 493 Si
777 450 904 493 enim

187 512 288 556 hoc
309 510 472 566 egero,
500 521 629 553 mors
658 509 771 552 mihi
794 516 904 552 aet·

191 571 237 615 si
268 578 432 614 autem
474 582 573 613 non
615 568 771 626 egero,
808 582 905 611 non

189 629 422 686 effugiam
454 642 625 673 manus
646 637 902 673 vestras.—

196 690 378 735 Melius
398 696 484 733 est.

427 789 593 835 Lectio
634 790 695 834 iii.

332 866 424 911 OR
432 866 521 911 RO
531 866 644 923 quia
657 864 815 911 vidisti
827 880 906 923 pe-

334 926 464 975 dum,
471 934 518 969 et
531 926 790 982 digitorum
799 939 906 983 par-

189 973 289 1031 t‘em
316 992 469 1029 testae
488 984 637 1041 figuli,
658 993 706 1029 et
721 994 903 1042 partem
976 955 1010 1045 5*—
1044 955 1053 1022 ³>

188 1046 424 1090 ferream:
463 1058 661 1102 regnum
702 1045 904 1090 divisum

189 1105 294 1157 erit,
314 1105 448 1161 quod
471 1112 627 1149 tamen
646 1105 708 1148 de
721 1104 905 1161 planta-

191 1166 264 1210 rio
286 1164 396 1209 ferri
426 1164 613 1214 orietur,
641 1164 904 1209 secundum

189 1225 325 1283 quod
344 1224 501 1269 vidisti
521 1224 694 1269 serrum
711 1225 902 1270 mistum

191 1295 345 1331 testae
375 1298 433 1328 ex
469 1284 585 1330 luto.
629 1285 690 1329 Et
725 1284 903 1341 digitos

191 1346 373 1403 pedum
395 1358 454 1389 ex
473 1354 610 1401 parte
638 1344 827 1395 ferreos,
856 1351 902 1387 et

192 1418 252 1449 ex
281 1413 417 1462 parte
448 1403 646 1448 fictiles:
680 1417 737 1447 ex
768 1412 903 1460 parte

191 1477 395 1520 regnum
417 1464 502 1507 erit
526 1464 747 1513 solidum,
775 1471 822 1507 et
845 1478 902 1507 ex

192 1535 333 1581 parte
350 1523 618 1567 contritum.
657 1523 802 1577 Quod
819 1538 903 1567 au—

194 1592 295 1628 tem
318 1583 474 1627 vidisti
503 1583 678 1627 sermm
709 1583 901 1627 mistum

192 1652 348 1689 testae
377 1656 434 1687 ex
474 1643 589 1694 luto,
628 1642 903 1686 commisce-

189 1705 373 1749 buntur
393 1704 587 1761 quidem
606 1703 819 1748 humAno
833 1703 903 1748 se-

188 1765 337 1814 mine,
357 1765 442 1809 sed
459 1777 557 1808 non
577 1763 902 1808 adhaerebunt

122 1874 125 1882 ,
188 1825 297 1876 sibi,
335 1823 476 1868 sicuti
512 1824 686 1868 sermm
718 1823 901 1868 misceri

188 1899 290 1930 non
310 1891 472 1941 potest
486 1891 648 1928 testae.
666 1883 721 1927 In
737 1883 904 1928 diebus

186 1954 359 1991 autern
406 1943 661 2000 regnorum
713 1942 901 1988 illorum

189 2003 446 2050 suscitabit
490 2003 622 2047 Deus
674 2003 791 2047 coeli
835 2016 903 2047 re-

184 2078 359 2124 gnum,
395 2064 529 2120 quod
570 2062 618 2105 in
658 2062 901 2106 aeternum

184 2138 290 2170 non
354 2121 677 2178 dissipabitur,
734 2129 782 2166 et
833 2134 902 2164 re-

184 2197 344 2242 gnum
353 2183 455 2240 ejus
463 2181 596 2226 alteri
615 2181 795 2238 populo
805 2194 902 2225 non

185 2244 446 2290 tradetur:
489 2241 781 2286 commInuet
821 2254 904 2284 au-

187 2313 305 2355 tem,
335 2311 383 2347 et
405 2301 656 2347 consumet
687 2300 905 2344 universa

184 2377 344 2421 regna
365 2362 509 2406 haec.
500 2376 509 2385 ·
525 2368 572 2405 et
589 2362 745 2417 ipsum
760 2360 905 2404 stabit

186 2425 241 2469 in
261 2421 530 2468 aeternum.

248 2490 323 2545 R7
371 2482 506 2525 Misit
541 2479 778 2525 Dominus
809 2479 907 2523 An-

185 2525 357 2602 gelum
399 2554 554 2591 suum,
591 2547 639 2584 et
675 2538 906 2583 conclusit

186 2616 278 2648 ora
299 2600 528 2646 leonum:
540 2609 563 2630 ’ν
592 2599 655 2643 Et
676 2611 775 2643 non
796 2611 907 2643 con-

186 2659 587 2709 taminaverunt:
610 2659 724 2716 quia
745 2670 906 2702 coram

186 2737 250 2769 eo
264 2719 502 2779 injustitia
516 2717 708 2762 inventa
722 2731 818 2762 non
836 2725 907 2761 est

186 2783 242 2828 in
270 2793 368 2826 me.
357 2783 457 2884 ,Αἵ
497 2778 631 2822 Misit
662 2777 793 2822 Deus
824 2777 908 2820 mi-

188 2838 375 2888 sericor
410 2852 506 2883 iam
521 2850 671 2888 suam,
687 2835 909 2881 etverita-

189 2910 295 2948 tem
317 2912 497 2945 suam:
518 2897 729 2944 animam
751 2909 909 2942 meam

298 3063 430 3109 Pars
452 3062 791 3108 Autumnalis.

1579 255 1676 309 281

974 388 1145 446 eripuit
1166 391 1228 434 de
1243 390 1403 435 medio
1418 391 1682 437 catulorum

973 448 1307 494 leonum—Et
1340 464 1448 496 non.
1523 452 1685 505 Gloria

976 508 1116 553 Patri.
1182 511 1244 554 Et
1266 524 1377 555 non.

1083 666 1283 710 FERIA
1303 666 1569 712 TERTIA.

1034 738 1108 781 De
1139 738 1337 783 Daniele
1370 739 1623 797 Propheta.

1007 824 1172 870 Leo-no
1193 825 1217 869 i.
1382 816 1493 872 cap.
1521 816 1582 859 iii·
1609 815 1648 859 b·

980 918 981 921 =
1210 890 1684 935 RONUNTIANS-

1058 951 1066 959 ⁸
1237 950 1380 1004 QUE
1424 950 1684 994 Nabucho-

1117 1018 1121 1022 ·
1239 1010 1448 1053 donosor
1489 1023 1581 1060 rex.
1620 1011 1683 1053 ait

1165 1070 1202 1100 -”
1241 1068 1334 1112 eis:
1376 1069 1499 1113 Vere
1521 1083 1581 1113 ne
1613 1069 1684 1113 Si·

972 1092 1133 1180 drach,
1184 1128 1386 1180 Misach,
1433 1136 1481 1173 et
1523 1128 1684 1174 Abde-

970 1200 1099 1246 nago
1116 1190 1233 1233 deos
1251 1202 1383 1233 meos
1397 1202 1493 1232 non
1511 1189 1676 1234 colitis.

970 1256 1017 1292 et
1050 1250 1258 1293 statuam
1291 1262 1498 1300 auream,
1536 1263 1680 1306 quam

970 1308 1195 1352 constitui
1259 1322 1356 1353 non
1425 1309 1636 1353 adoratis
1665 1309 1685 1351 ?

972 1367 1115 1412 Nunc
1146 1382 1259 1425 ergo
1292 1369 1327 1412 si
1361 1370 1473 1412 estis
1511 1368 1675 1425 parati.

970 1427 1271 1484 quacumque
1292 1428 1409 1472 hora
1439 1428 1684 1471 audieritis
1745 1455 1747 1466 .

971 1487 1177 1531 sonitum
1207 1489 1362 1540 tubae,
1390 1488 1592 1537 fistulae,
1616 1487 1677 1530 εί-

969 1547 1144 1598 tharae,
1165 1547 1430 1597 sambucae,
1450 1556 1495 1591 et
1514 1547 1684 1604 psalte·
1744 1560 1746 1609 ]

969 1605 1036 1657 rii,
1064 1614 1111 1649 et
1144 1607 1471 1663 symphoniae,
1506 1606 1681 1651 omnis·
1745 1649 1748 1662 ,

969 1678 1065 1723 que
1124 1666 1310 1722 generis
1372 1665 1678 1716 musicorum,
1745 1698 1746 1707 ,

971 1726 1253 1783 prosternite
1285 1739 1381 1776 vos,
1408 1733 1455 1768 et
1487 1726 1685 1769 adorate
1745 1726 1748 1735 '

969 1787 1192 1837 statuam,
1221 1798 1365 1842 quam
1397 1785 1483 1828 feci
1508 1798 1518 1828 ε
1552 1785 1684 1840 quod

970 1847 1006 1890 si
1041 1859 1135 1890 non
1168 1844 1485 1895 adoraveritis,
1515 1843 1683 1888 eadem

970 1906 1090 1950 hora
1110 1904 1357 1950 mittemini
1375 1904 1422 1948 in
1440 1903 1682 1948 fornacem

971 1966 1092 2022 ignis
1125 1964 1363 2009 ardentis:
1395 1972 1441 2008 et
1473 1964 1581 2021 quis
1613 1971 1683 2008 est

972 2025 1118 2075 Deus,
1166 2025 1243 2085 qui
1286 2024 1452 2083 eripiet
1493 2037 1579 2068 vos
1622 2024 1683 2068 de

971 2097 1117 2128 manu
1138 2086 1277 2128 mea?

1024 2158 1094 2202 R«,
1159 2143 1204 2187 A
1243 2143 1363 2188 facie
1401 2138 1572 2188 furofls
1614 2143 1682 2187 tui

972 2203 1118 2254 Deus,
1140 2203 1420 2248 conturbata
1436 2212 1506 2248 est
1528 2203 1685 2247 omnis

972 2271 1127 2308 terra:
1145 2277 1168 2298 ὕ
1198 2264 1293 2308 Sed
1324 2263 1543 2308 miserere
1584 2262 1683 2306 Do-

972 2324 1112 2374 mine,
1139 2330 1185 2367 et
1207 2336 1267 2366 ne
1288 2323 1433 2368 facias
1465 2335 1685 2366 consum-

972 2383 1245 2428 mationem.
1254 2396 1311 2439 ἵ
1330 2380 1685 2425 DfieDominus

972 2450 1145 2493 noster,
1162 2454 1307 2499 quam
1306 2433 1600 2485 admirabile
1615 2446 1684 2482 est
1764 2483 1771 2490 ,

972 2515 1147 2606 ngmen
1171 2509 1305 2544 tuum
1324 2501 1334 2544 1
1354 2524 1412 2530 —
1429 2498 1524 2542 Sed
1548 2498 1686 2541 mise-

972 2575 994 2606 r
1023 2575 1073 2606 re

1200 2646 1363 2694 Lefftio
1386 2649 1428 2692 ii.

1122 2713 1165 2756 E
1174 2712 1207 2756 S
1220 2711 1255 2755 P
1265 2710 1308 2755 Ο
1321 2709 1367 2754 Ν
1380 2710 1470 2755 DE
1482 2709 1527 2755 N
1539 2709 1583 2755 T
1594 2710 1636 2755 E
1652 2709 1686 2756 S

972 2726 1117 2878 R}
1152 2771 1361 2821 Sidrach,
1400 2770 1600 2823 Misach,
1638 2776 1684 2815 et

1119 2844 1260 2888 nago,
1315 2829 1533 2876 dixerunt
1584 2830 1683 2888 regi

979 2889 1435 2940 Nabuchodonosor
1491 2904 1503 2936 :
1566 2891 1684 2936 Non

1468 3062 1576 3098 1213
