2050 3392
359 248 469 316 408
505 248 620 302 Die
631 248 708 301 18
721 247 891 317 Sept„
912 247 971 301 S.
992 245 1231 319 Josephi
1243 265 1281 301 a
1305 247 1354 302 C
1350 250 1625 319 upertitm,
1644 249 1815 321 Corgfi

359 383 568 436 solerter,
614 383 793 436 fratres,
850 383 1061 442 aspscite,

359 457 419 489 ne
432 445 612 501 aliquid
625 447 686 489 de
701 445 871 489 mentis
886 453 1068 490 vestrae

361 504 529 549 habitu
565 504 666 548 Rex
702 504 970 561 ingrediens
998 517 1068 549 re-

361 564 635 622 prehendat.
716 563 839 608 Cum
890 575 1068 620 magno

361 623 486 668 enim
528 623 683 667 cordis
733 622 903 668 timdre
953 636 1069 679 pen-

360 683 563 728 sandum
587 689 669 732 est,
697 683 828 739 quod
851 681 1067 739 prutinus

361 741 578 786 subditur
614 755 625 786 ι
670 741 865 786 Ιηῑτάνίῑ
906 749 1067 786 autem

364 801 479 851 Rex,
501 808 553 844 ut
571 800 747 845 videret
768 801 1068 846 discumben-

361 868 444 912 tes,
487 868 534 904 et
568 860 683 905 vidit
718 860 783 904 ibi
824 860 1068 905 huminem

360 931 459 963 non
474 920 697 964 vestitum
709 928 838 965 veste
850 920 1062 977 nuptiali.

361 978 504 1033 Quid,
582 979 747 1025 fratres
819 979 1062 1030 carissimi,

360 1039 557 1096 exprimi
589 1053 675 1096 per
703 1039 961 1097 nuptialem
993 1053 1069 1084 ve-

360 1106 482 1143 stem
533 1099 797 1155 putitmus?
845 1099 893 1143 Si
941 1099 1067 1142 enim

360 1165 536 1202 vestem
546 1158 804 1214 nuptialem
811 1157 1062 1215 baptssma,

361 1216 434 1261 vel
448 1216 590 1261 fidem
609 1217 822 1267 dicimus,
844 1217 950 1273 quis
967 1217 1069 1261 sine

362 1275 659 1332 baptismate,
688 1284 734 1320 et
756 1276 849 1321 fide
870 1277 957 1321 has
982 1276 1069 1321 nu-

361 1335 485 1392 ptias
498 1335 714 1380 intraVit?
729 1336 803 1380 Eo
819 1336 947 1380 enim
963 1336 1068 1393 ipso

362 1394 473 1440 foris
507 1402 591 1446 est,
627 1395 708 1451 qui
739 1396 943 1440 necdum
973 1395 1068 1440 cre-

361 1454 496 1498 didit.
552 1454 681 1509 Quid
702 1467 817 1511 ergo
839 1454 1069 1499 debemus

362 1513 621 1571 intelllgere
671 1527 756 1571 per
805 1513 1067 1571 nuptialem

363 1581 553 1626 vestem,
607 1574 695 1618 nisi
745 1574 1024 1619 charitatem
1049 1574 1071 1619 ?

366 1633 515 1678 Intrat
530 1634 657 1678 enim
680 1634 743 1678 ad
759 1632 960 1691 nuptias,
983 1634 1068 1678 sed

363 1708 472 1739 cum
504 1693 704 1751 nuptiali
734 1703 862 1740 veste
881 1708 978 1739 non
1001 1694 1068 1738 in-

363 1761 467 1805 trat,
495 1755 576 1811 qui
600 1755 648 1798 in
670 1753 837 1799 saneta
858 1754 1069 1799 Ecclesia

363 1813 585 1858 assistens
622 1813 762 1857 fidem
806 1814 947 1858 habet
984 1815 1067 1858 sed

362 1872 640 1917 charitatem
655 1886 750 1917 non
767 1872 926 1918 habet.
976 1873 1061 1917 Re·

361 1931 440 1975 <ste
459 1933 586 1975 enim
608 1932 811 1977 chat-itas
846 1932 1069 1990 nuptialis

363 1991 503 2036 vestis
543 1992 748 2043 vocatur,
791 1993 905 2049 quia
945 1992 1068 2037 hanc

362 2050 410 2094 in
446 2064 497 2095 se
529 2051 763 2096 Cdnditor
797 2059 954 2097 noster
986 2051 1067 2097 hu·

362 2111 476 2162 buit,
533 2112 649 2155 dum
701 2112 764 2156 ad
814 2111 1068 2156 sociandae

362 2170 450 2214 sibi
488 2170 727 2215 Ecclesiae
763 2169 951 2228 nuptias
990 2184 1068 2215 ve-

362 2229 445 2274 nit.

426 2289 500 2346 R7.
516 2288 613 2333 Iste
620 2297 692 2334 est
700 2288 899 2346 quiante
909 2289 1069 2334 Deum

362 2360 563 2406 magnas
603 2347 795 2393 virtutes
846 2349 1069 2405 operatus

361 2416 447 2459 est,
474 2415 520 2452 et
557 2408 618 2452 de
648 2407 777 2453 omni
805 2408 949 2452 corde
980 2421 1069 2452 suo

362 2467 574 2512 laudavit
597 2466 759 2511 Dfium
787 2480 796 2510 ε
823 2468 853 2494 ⁴*
872 2466 979 2524 Ipse
1000 2468 1069 2512 in-

363 2528 573 2572 tercedat
595 2539 681 2582 pro
697 2525 902 2582 peccatis
917 2526 1069 2572 bmni-

362 2600 445 2630 um
478 2584 776 2642 populdrum.
847 2584 910 2644 ΧΤ.
945 2587 1070 2631 Ecce

363 2644 511 2688 homo
547 2645 648 2687 sine
683 2644 887 2700 querela.
930 2658 1069 2690 verus

365 2702 453 2745 Dei
475 2702 639 2752 cultor,
667 2703 908 2749 abstinens
935 2718 986 2749 se
1006 2705 1070 2749 ab

362 2759 492 2802 omni
524 2760 670 2816 &pere
698 2763 838 2813 malo,
880 2772 926 2808 et
967 2765 1070 2822 per-

362 2827 558 2860 manens
572 2819 618 2862 in
629 2820 897 2867 innocentia
905 2836 1069 2870 sua.—

356 2872 475 2926 1pse
494 2873 772 2926 intercedat.

1346 410 1513 457 Lecstio
1537 411 1627 458 viii.

1315 502 1400 548 LA
1421 503 1601 561 quippe
1626 503 1852 551 dilestffi·

1295 576 1353 607 ne
1403 563 1493 609 Dei
1542 562 1707 623 aestum
1750 572 1842 616 est,

1132 629 1184 665 ut
1217 622 1316 678 eJus
1346 622 1630 679 Unigenitus
1656 632 1848 670 mentes

1132 680 1220 724 sibi
1271 680 1528 726 eleetdrum
1589 681 1845 728 huminum

1133 740 1299 786 uniret.
1370 741 1513 785 Unde
1544 749 1592 785 et
1621 741 1845 803 joannes

1131 800 1245 845 dicit
1266 814 1275 844 :
1294 800 1372 845 Sic
1386 800 1512 844 enim
1525 800 1689 846 dilexit
1707 801 1844 846 Deus

1132 860 1378 910 mundum,
1405 867 1457 904 ut
1494 859 1666 904 Fssium
1700 874 1842 905 suum

1138 918 1448 976 Unigenitum
1479 919 1614 964 daret
1643 933 1732 977 pro
1756 934 1843 965 no·

1132 978 1218 1023 bis.
1285 978 1379 1033 Qui
1414 991 1531 1036 ergo
1567 992 1650 1036 per
1687 980 1843 1024 chari-

1132 1038 1280 1083 tatem
1329 1038 1452 1083 venit
1493 1039 1556 1083 ad
1602 1039 1835 1091 humines,

1132 1098 1351 1142 eamdem
1386 1097 1663 1143 charitatem
1702 1099 1844 1145 innd·

1132 1158 1220 1202 tuit
1242 1164 1418 1202 vestem
1433 1170 1537 1202 esse
1557 1158 1837 1215 nuptialem.

1132 1215 1302 1261 Omnis
1317 1229 1432 1274 ergo
1452 1224 1673 1268 vestrum,
1690 1219 1772 1274 qui
1792 1220 1841 1262 in

1134 1276 1346 1321 Ecclesia
1378 1276 1562 1334 pusitus
1599 1277 1707 1321 Deo
1741 1278 1843 1322 cre·

1131 1336 1265 1385 didit,
1280 1336 1381 1393 jam
1400 1336 1465 1380 ad
1485 1335 1676 1394 nuptias
1699 1337 1843 1381 intru-

1132 1396 1197 1440 vit
1219 1409 1229 1438 :
1251 1396 1338 1441 sed
1356 1408 1467 1440 cum
1487 1396 1687 1453 nuptiali
1711 1405 1842 1442 veste

1131 1467 1230 1499 non
1249 1455 1388 1505 venit,
1411 1455 1448 1499 si
1470 1455 1713 1501 charitatis
1733 1456 1841 1512 gra-

1132 1514 1249 1559 tiam
1309 1527 1404 1559 non
1465 1513 1689 1560 custudit.
1779 1515 1841 1560 Et

1132 1582 1258 1619 certe
1307 1573 1486 1623 fratres.
1528 1574 1567 1618 si
1617 1575 1725 1632 quis
1777 1575 1840 1619 ad

1131 1633 1342 1679 carnales
1362 1632 1552 1691 nuptias
1573 1642 1697 1679 esset
1724 1633 1843 1678 invi-

1133 1694 1272 1745 tatus,
1292 1702 1468 1739 vestem
1488 1693 1705 1745 muniret,
1725 1708 1842 1739 con·

1131 1754 1340 1811 gaudere
1359 1767 1410 1799 se
1424 1766 1615 1811 sponso,
1634 1762 1682 1798 et
1695 1767 1841 1811 spon-

1132 1827 1212 1858 sae
1263 1826 1320 1858 ex
1369 1814 1474 1870 ipso
1524 1813 1596 1858 sui
1647 1814 1841 1859 habitus

1131 1873 1304 1919 decute
1366 1872 1648 1924 ostenderet,
1720 1874 1842 1920 inter

1131 1933 1405 1990 gaudentes.
1452 1940 1500 1979 et
1551 1932 1671 1978 festa
1721 1933 1842 1978 eele-

1133 1992 1325 2038 brantes
1358 1991 1598 2049 despetstis
1631 1992 1840 2038 vsstibus

1132 2052 1359 2109 apparere
1374 2052 1683 2097 erubesceret.
1734 2052 1839 2097 Nos

1131 2113 1195 2157 ad
1244 2112 1335 2157 Dei
1376 2110 1566 2169 nuptias
1605 2111 1832 2162 venimus,

1133 2179 1180 2216 et
1192 2172 1349 2216 cordis
1361 2179 1541 2216 vestem
1555 2172 1741 2216 mutare
1755 2172 1843 2216 dis·

1132 2231 1423 2276 simulamus,
1518 2230 1838 2287 Congaudent

1132 2291 1315 2348 Angeli,
1338 2304 1448 2335 cum
1469 2291 1531 2335 ad
1553 2291 1741 2335 eoelum
1766 2303 1837 2335 as·

1133 2350 1383 2395 sumuntur
1402 2349 1553 2395 eletffi.
1593 2349 1705 2404 Qua
1725 2363 1837 2407 ergo

1133 2417 1293 2454 mente
1307 2409 1425 2454 haee
1440 2409 1701 2466 spirituzssia
1717 2409 1834 2454 sata

1133 2468 1464 2527 conspicimus.
1479 2469 1559 2525 qui
1577 2468 1836 2526 nuptialem

1134 2537 1323 2579 vestem.
1351 2529 1401 2573 id
1435 2538 1505 2572 est
1538 2528 1828 2579 charitatem.

1134 2602 1258 2645 quae
1278 2588 1381 2632 sola
1398 2600 1488 2632 nos
1503 2587 1746 2644 specidsos
1762 2589 1837 2632 ex·

1134 2648 1276 2698 hibet,
1305 2660 1400 2691 non
1421 2647 1688 2691 babemus?

1200 2709 1272 2755 Ην,
1337 2706 1442 2751 sint
1491 2706 1640 2750 lumbi
1699 2687 1865 2751 παῖ’

1134 2764 1403 2822 ρταεοίυόὶί.
1441 2773 1489 2809 et
1517 2764 1740 2811 lucernae
1768 2779 1831 2810 ar·

1134 2824 1301 2871 dentes
1315 2825 1363 2869 in
1379 2824 1599 2870 munibus
1611 2826 1799 2871 vestris:
1822 2829 1835 2850 “·

1136 2883 1199 2929 Et
1233 2897 1319 2929 vos.
1352 2883 1527 2929 similes
1563 2883 1836 2931 hominibus

1906 2249 1915 2538 ff—*-———-
