2050 3392
374 248 486 302 Die
510 243 586 318 '23
615 247 747 317 052„
774 249 824 301 S
824 249 876 302 S
874 290 885 302 .
914 249 1310 320 Redemptoris.
1375 250 1606 305 cclxxiii.

358 394 523 440 Ledfio
545 395 605 442 ix.

239 468 504 515 NTERIM
540 471 701 524 modo,
740 470 835 517 sra-

265 536 369 582 tres‚
436 537 491 575 ut
548 544 578 576 a
634 530 835 589 peccato

123 586 363 642 sanemur,
385 588 628 635 Christum
650 590 834 635 crucifi-

122 660 243 692 xum
264 647 557 693 intueamur:
580 650 693 707 quia
714 650 833 694 sicut

127 706 340 765 Mdyses,
398 708 835 765 inquit‚exalt2'1vit

123 765 397 823 serpentem
449 767 498 811 in
543 765 715 817 eremo.
768 768 837 812 ita

124 824 325 869 exaltdri
350 824 538 883 opdrtet
562 826 731 871 Fssium
753 826 838 872 hc5-

126 883 299 936 minis;
321 891 373 928 ut
393 885 562 937 omnis,
585 886 665 943 qui
688 887 836 931 credit

125 944 179 988 in
225 955 345 994 eum,
397 957 492 989 non
533 944 706 1002 pereat,
752 945 836 990 sed

125 1002 306 1048 habeat
367 1004 513 1048 vitam
573 1003 829 1050 aeternam.

126 1061 408 1117 Qudmodo,
435 1063 517 1121 qui
534 1064 838 1109 intuebamur

124 1121 263 1166 illum
296 1122 576 1179 serpentem,
604 1137 703 1168 non
734 1137 837 1181 per-

124 1180 264 1225 ibant
286 1179 519 1227 mdrsibus
539 1195 589 1227 se
675 1191 835 1229 ntum:

126 1239 213 1292 sic,
240 1240 321 1297 qui
344 1240 583 1287 intuentur
636 1244 697 1288 de
712 1257 837 1287 mor-

127 1307 229 1345 tem
282 1299 473 1354 Christi,
529 1302 758 1348 sanantur
805 1316 837 1347 a

125 1358 366 1405 mersibus
385 1361 702 1418 peccatcirum.
739 1362 835 1408 Sed

125 1418 193 1462 illi
222 1420 516 1466 sanabantur
541 1434 571 1466 a
598 1429 751 1467 morte
770 1423 835 1467 ad

126 1477 274 1523 vitam
298 1479 607 1537 temporalem
630 1481 732 1526 :hic
752 1494 837 1525 au-

126 1543 225 1582 tem
258 1538 338 1589 ait,
367 1546 420 1583 ut
447 1538 658 1585 Mbeant
689 1540 837 1585 vitam

123 1596 385 1643 aeternam.
434 1598 544 1643 Hoc
557 1598 684 1643 enim
700 1598 839 1643 inter-

125 1664 199 1702 est
236 1656 359 1702 inter
391 1656 644 1714 figuratam
673 1656 839 1716 imAgi-

126 1730 253 1767 nem,
282 1724 328 1761 et
350 1729 450 1760 rem
472 1716 659 1772 ipsam:
689 1716 841 1774 figura

125 1774 403 1833 praestabat
426 1776 573 1820 vitam
607 1776 841 1833 tempora-

124 1836 253 1888 lem;
295 1847 371 1879 res
418 1835 535 1892 ipsa,
582 1835 717 1892 cujus
763 1834 841 1880 illa

126 1894 283 1952 figura
310 1901 425 1945 erat,
460 1901 668 1951 praestat
695 1894 839 1940 vitam

125 1952 387 1998 aeternam.

189 2011 265 2056 Te
288 2013 445 2058 Deum
466 2011 733 2060 laudemus,
764 2028 833 2072 17.

325 2098 403 2134 AD
434 2099 648 2136 LAUDES

225 2168 270 2204 et
295 2170 378 2217 per
401 2155 573 2214 Horas,
599 2157 749 2209 Atiae.

192 2234 231 2265 1.
286 2219 491 2266 Canthte
534 2219 758 2273 deino,
814 2219 840 2241 ³*

127 2278 363 2338 qudniam
399 2280 652 2338 magnifiee
691 2280 836 2326 fecit:

122 2339 414 2385 annuntiate
442 2340 598 2386 hocin
619 2340 838 2386 universa

123 2408 269 2444 terra.
343 2397 571 2444 Psalmus
600 2399 837 2445 deinus

122 2455 361 2514 regnavit,
401 2472 508 2505 cum
550 2456 738 2517 reliquis
779 2459 839 2503 de

132 2516 497 2563 Dominica.18.

188 2591 231 2622 2.
262 2575 391 2622 Ecce
418 2576 551 2622 Deus
575 2579 600 2601 ⁴*
621 2575 838 2622 Salvzitor

123 2650 284 2687 meus,
318 2636 597 2682 fiducialiter
640 2649 782 2693 agam
824 2651 835 2682 :

123 2697 244 2754 quia
265 2695 425 2741 faetus
446 2703 517 2741 est
544 2696 661 2741 mihi
687 2696 736 2740 in
764 2709 839 2741 sa·-

123 2756 291 2807 lutem,
319 2754 522 2800 alleluia.

187 2830 229 2874 3.
263 2814 509 2860 Haurietis
538 2827 690 2873 aquas
730 2811 752 2832 ⁴*
789 2815 837 2859 in

122 2874 313 2935 gdudio
343 2874 406 2919 de
437 2872 647 2921 sentibus
679 2874 840 2919 Salva-

900 382 1028 436 tciris,
1047 390 1095 429 et
1108 382 1291 437 dicetis,
1305 383 1607 430 Confitemini

902 442 1127 512 pdmino,
1141 451 1188 488 et
1205 443 1421 489 invocate
1434 457 1609 489 nomen

899 516 1175 618 &iffi-Fa&
1195 570 1267 607 est
1289 562 1431 615 salus,
1452 570 1499 607 et
1521 564 1610 607 vir-

901 628 989 673 tus,
1017 628 1065 666 et
1093 634 1294 679 regnum
1319 622 1408 666 Dei
1437 623 1601 673 nostri,

902 687 949 725 et
971 681 1186 737 potestas
1209 681 1384 727 Christi
1407 682 1524 739 ejus.

952 750 993 797 5.
1010 738 1199 791 Exulta,
1212 749 1259 785 et
1273 740 1420 785 lauda
1441 738 1609 786 *habi-

902 798 1022 843 tatio
1038 798 1153 843 Sion
1173 813 1184 843 t
1208 800 1320 857 quia
1340 800 1609 857 magnusin

903 857 1063 902 medio
1086 859 1153 903 tui
1175 858 1381 904 Sanetus
1405 859 1560 903 Israei.

971 930 1257 989 Capitulum.
1348 935 1452 979 Tob.
1480 936 1540 980 iii.

1047 1004 1462 1050 ENEDICTUM
1521 1020 1606 1051 no-

1075 1078 1185 1109 men
1200 1073 1348 1115 tuum,
1367 1065 1498 1110 Deus
1518 1065 1606 1110 Pa-

903 1131 1031 1168 trum
1052 1123 1322 1169 nostrdrum
1346 1138 1355 1169 :
1394 1124 1475 1181 qui
1497 1138 1606 1169 cum

902 1182 1049 1228 irfitus
1062 1182 1217 1236 fueriS,
1236 1182 1606 1228 misericdrdiam

901 1242 1059 1295 ficies,
1088 1249 1133 1288 et
1155 1243 1203 1287 in
1225 1241 1440 1301 tempore
1462 1243 1608 1288 tribu-

900 1301 1091 1348 latidnis
1099 1301 1295 1360 peccdta
1303 1302 1502 1348 dimittis
1519 1303 1606 1356 his,

901 1362 983 1430 qui
1005 1360 1229 1407 invocant
1250 1369 1313 1407 te.

1136 1437 1374 1497 Hymnus,

1033 1508 1131 1553 AL
1141 1508 1188 1552 U
1198 1508 1243 1552 T
1255 1508 1276 1551 Ῑ
1288 1507 1323 1552 S
1367 1507 1609 1553 hume'mae

1064 1567 1217 1618 Sator,

898 1625 1019 1694 Jesu
1037 1623 1181 1682 volup
1185 1632 1258 1670 tas
1277 1624 1508 1676 cdrdium,

905 1684 1049 1730 Orbis
1068 1684 1302 1742 redempti
1324 1682 1572 1738 (Ξόῐιάἱιοτ,

908 1745 969 1789 Ει
990 1752 1124 1789 casta
1144 1744 1225 1788 lux
1246 1743 1524 1790 amdntium.

974 1806 1076 1855 Qia
1095 1802 1249 1848 vietus
1267 1816 1319 1848 es
1338 1803 1602 1856 clementia,

909 1863 979 1908 Ut
1000 1870 1164 1908 nostra
1184 1862 1327 1907 ferres
1347 1861 1544 1907 crimina
1559 1863 1581 1907 ?

908 1923 1116 1968 Mortem
1137 1921 1320 1966 subires
1341 1921 1583 1973 innocens,

903 1982 948 2027 A
969 1990 1124 2028 morte
1144 1995 1233 2027 nos
1251 1989 1304 2026 ut
1326 1980 1514 2027 tdlleres
1529 1982 1552 2026 Ρ

970 2040 1036 2087 Te
1055 2048 1197 2099 cogat
1218 2041 1524 2099 indulgentia,

908 2101 975 2147 Ut
993 2103 1171 2147 damna
1191 2107 1354 2146 nostra
1374 2100 1564 2154 semeias,

903 2161 1097 2219 Tuique
1115 2161 1272 2206 vultus
1294 2160 1402 2207 edm
1408 2168 1544 2218 potes

904 2221 1040 2266 Dites
1061 2220 1205 2265 beato
1224 2173 1472 2265 luminepo

959 2279 1085 2339 Jesu,
1113 2280 1196 2325 tibi
1218 2280 1278 2324 sit
1298 2278 1463 2336 gldria,

902 2338 996 2394 Qui
1017 2346 1160 2383 natus
1181 2351 1232 2382 es
1253 2293 1332 2382 deg
1335 2336 1538 2393 Virgine,

902 2398 1028 2442 Cum
1043 2398 1194 2447 Patre,
1209 2404 1256 2441 et
1268 2396 1399 2440 almo
1407 2395 1599 2452 Spiritu,

905 2457 961 2501 In
982 2455 1267 2513 sempiterna
1288 2454 1491 2556 saecu}

1476 2526 1602 2557 men.

965 2572 1028 2630 >⁶6⁷-
1053 2573 1261 2619 D6mine
1281 2571 1516 2629 refugium
1537 2571 1607 2616 fa-

902 2633 1009 2679 etus
1023 2645 1075 2678 es
1090 2632 1240 2677 nobis.
1310 2629 1384 2685 R?
1407 2631 1450 2674 A
1466 2643 1608 2687 gene-

902 2693 1101 2745 ratidne,
1126 2699 1174 2737 et
1194 2703 1316 2748 prog
1282 2689 1434 2748 genie.

967 2752 1043 2797 Ad
1088 2748 1426 2796 Bened.Af1a.
1481 2749 1609 2794 Ecce

904 2813 1039 2857 Deus
1067 2816 1228 2855 noster
1254 2809 1354 2862 iste,
1388 2808 1587 2866 expedia

904 2873 1057 2917 vimus
1073 2882 1196 2922 eum,
1218 2876 1266 2915 et
1283 2844 1481 2915 sal'vait
1497 2881 1604 2914 nos:
