2050 3392
600 235 924 288 Benedidio
949 249 1179 286 mensae.

120 376 304 416 manet
327 368 378 412 in
399 368 641 413 saeculum
657 368 845 412 saeculi.

1412 235 1625 288 ccxxiii.

926 369 1122 425 quirunt
1143 381 1252 413 eum
1275 368 1456 413 :vivent
1477 368 1625 413 corda

182 426 256 485 V.
282 427 571 472 Benedicam
589 426 850 472 Dominum
926 427 1092 472 eorum
1108 428 1157 472 in
1173 428 1415 472 saeculum
1431 428 1617 473 saeculi.

125 489 182 533 in
204 486 586 543 omnitempore.
615 486 689 541 Rs.
720 486 851 530 Sem-

125 560 222 604 per
244 547 351 590 laus
374 546 474 603 ejus
496 546 544 589 in
566 558 648 589 ore
668 558 789 589 meo.

187 600 254 663 57.
300 605 357 648 In
390 604 604 649 Domino
639 603 853 648 laudabi-

127 672 212 708 tur
253 662 420 708 anima
458 677 582 707 mea.
633 660 707 717 Ry.
753 663 852 706 Au-

125 724 270 767 diant
282 722 533 778 mansueti,
541 729 589 766 et
603 721 849 766 laetentur.

173 778 245 839 V.
268 772 424 838 M'agn
427 780 579 825 ificate
591 780 849 825 deinum

128 853 344 885 mecum.
360 795 472 906 gnRV:
507 840 570 884 Et
591 839 852 884 exaltemus

130 911 318 943 nomen
339 898 440 954 ejus
461 898 745 955 inidipsum.

189 955 253 1015 V
319 957 389 1001 Sit
433 970 607 1001 nomen
654 956 849 1002 Domini

127 998 461 1060 benedicftum.
520 1014 592 1071 RJ.
647 1016 720 1059 Ex
760 1016 851 1060 hoc

127 1087 279 1126 nunc,
295 1083 342 1119 et
360 1088 511 1140 usque
523 1075 570 1118 in
588 1075 842 1119 saeculum.

216 1132 406 1180 Deinde
427 1131 527 1179 Sine
553 1133 770 1179 Oremus.

288 1192 739 1236 ETRIBUERE
779 1192 849 1236 di-

297 1250 458 1308 gnere,
475 1250 690 1302 Domine,
698 1251 850 1296 omni·

126 1314 228 1357 bus
258 1310 400 1354 nobis
419 1310 548 1354 bona
567 1309 848 1354 facientibus

129 1377 336 1427 propter
357 1382 532 1413 nomen
553 1377 688 1413 tuum
700 1369 845 1413 vitam

126 1429 394 1475 aeternam.
436 1426 512 1496 37.
538 1428 708 1471 Amen.

129 1485 254 1591 noy.
301 1486 648 1531 Βεηεὼοάιῐιιιε
681 1486 848 1532 Domi·

164 1546 342 1673 ops}
377 1545 484 1590 Deo
503 1546 681 1602 gratias

331 1559 591 1649 ideliumgra
555 1604 743 1648 Animae
763 1617 848 1660 per

134 1604 512 1710 misericordiam
545 1663 637 1709 Dei
667 1663 848 1720 requie-

136 1725 345 1769 scantin
365 1737 496 1780 pace.
531 1721 605 1782 137.
637 1724 806 1767 Amen.

205 1782 342 1827 Pater
408 1789 582 1834 noster,
638 1784 835 1826 secreto.

189 1860 251 1889 uo
274 1843 417 1893 finito,
438 1841 552 1886 dicit
577 1843 836 1885 Sacerdos:

191 1912 275 1946 eus
308 1900 388 1944 det
420 1899 560 1944 nobis
594 1911 728 1944 suam
765 1913 847 1956 pa-

137 1971 261 2004 cem.
311 1957 383 2014 R7.
417 1960 586 2003 Amen.

294 2119 439 2154 ANTE
472 2119 697 2158 COENAM

193 2195 425 2239 Sacerdos
505 2190 840 2237 benediciturus

133 2267 346 2298 mensam
367 2253 530 2308 incipit
555 2251 839 2303 Benedicite‚

134 2324 181 2358 ct
207 2314 280 2356 alii
305 2319 522 2368 repetunt
553 2312 839 2356 Benedicite.

199 2373 378 2414 Deinde
413 2370 644 2414 Sacerdos
677 2369 840 2426 incipit

135 2431 198 2488 Y,
228 2430 367 2476 etalii
427 2443 530 2475 rose
569 2439 743 2475 uuntur
770 2444 779 2473 z

289 2443 477 2532 DET&
519 2500 763 2544 puperes,
799 2494 847 2530 et

289 2486 660 2598 {aturabuntun
680 2554 726 2589 et
748 2546 846 2589 lau·

239 2615 323 2651 unt
357 2605 631 2657 Dominum,
664 2604 745 2662 qui
778 2616 847 2647 re-

982 486 1149 531 Gloria
1172 487 1314 531 Patri.
1351 487 1482 531 Sicut
1503 496 1618 533 erat.

978 546 1129 602 Kyrie
1175 546 1363 590 eleison.
1437 546 1625 591 Christe

918 602 1107 649 eleison.
1137 604 1287 661 K'yrie
1308 604 1498 650 eleison.

979 663 1121 707 Pater
1140 672 1310 716 noster,
1330 668 1527 707 secreto.

968 719 1028 777 Y.
1071 723 1128 766 Et
1153 736 1212 766 ne
1240 736 1328 767 nos
1356 721 1555 767 inducas
1577 724 1624 767 in

917 780 1240 826 tentationem.
1271 780 1343 838 Rp.
1369 782 1625 827 Sedlibera

916 852 1003 882 nos
1024 853 1055 883 a
1076 840 1214 884 malo.

975 897 1192 943 Oremus.
1215 898 1435 951 Benedic,
1458 899 1624 944 Domi-

917 970 988 1007 ne,
1023 959 1077 998 ut
1119 966 1265 1012 supra
1304 956 1353 1002 in
1394 958 1609 1015 prandio,

909 1015 1051 1117 Qube,
1097 1016 1286 1068 domne,
1327 1015 1617 1062 benedicere.

951 1072 1200 1119 enedicstio.
1281 1074 1362 1118 Ad
1422 1088 1622 1119 coenam

915 1133 1039 1176 vitae
1103 1132 1325 1178 aeternae
1392 1133 1621 1191 perducat

913 1205 1003 1236 nos
1037 1192 1137 1236 Rex
1168 1191 1387 1237 aeternae
1421 1192 1614 1249 gloriae.

905 1249 980 1307 Rp.
1010 1251 1182 1296 Amen.

1032 1320 1087 1354 IN
1119 1320 1244 1355 ῈῙΝΕ
1275 1320 1506 1356 COENAE.

965 1367 1151 1414 Dicitur
1209 1365 1270 1427 W.
1330 1370 1618 1416 Memoriam

912 1427 1020 1472 fecit
1079 1427 1363 1473 mirabilium
1424 1428 1618 1475 suorum

912 1486 1177 1531 misericors
1189 1495 1236 1531 et
1258 1487 1505 1531 miserator
1519 1488 1618 1533 Do-

911 1546 1069 1590 minus
1088 1560 1098 1589 :
1115 1558 1274 1590 escam
1297 1546 1431 1590 dedit
1452 1546 1622 1591 timen-

910 1605 1036 1648 tibus
1052 1617 1115 1648 se.

969 1662 1135 1708 Gloria
1160 1662 1299 1708 Patri.
1347 1662 1479 1708 Sicut
1499 1672 1614 1710 erat.

1054 1720 1287 1771 Sacerdos
1308 1721 1434 1770 dicat
1463 1736 1472 1767 ε

1059 1780 1449 1825 ENEDICTUS
1487 1782 1620 1828 Deus

1076 1840 1126 1883 in
1147 1840 1284 1884 donis
1304 1840 1416 1893 suis,
1442 1848 1491 1884 et
1512 1854 1621 1902 san7

910 1897 1015 1943 &tus
1053 1899 1101 1942 in
1137 1899 1362 1944 omnibus
1393 1899 1620 1956 operibus

912 1958 1008 2002 suis
1031 1972 1041 2002 :
1065 1958 1159 2013 Qui
1182 1958 1293 2002 vivit
1314 1965 1361 2002 et
1382 1966 1550 2015 regnat
1573 1959 1621 2003 in

910 2018 1101 2061 saecula
1149 2017 1460 2063 saeculorum.
1532 2017 1606 2074 ΒΖ.

910 2076 1079 2122 Amen.

966 2135 1151 2179 Deinde
1191 2135 1455 2180 alternatim
1500 2137 1613 2180 dici-

905 2202 979 2237 tur
999 2195 1072 2238 Ps.
1098 2193 1316 2241 Lauddte
1337 2193 1616 2246 Βόῐιιίιιιιιτι,

905 2262 953 2296 et
984 2256 1165 2310 reliqua
1186 2261 1239 2297 ut
1262 2267 1415 2309 supra.
1450 2255 1616 2299 ccxxii.

955 2313 1163 2366 Quando
1174 2314 1315 2354 semel
1333 2311 1608 2364 comeditur,

906 2374 1067 2415 omnia
1087 2372 1304 2414 dicantur
1318 2378 1368 2412 ut
1384 2371 1427 2411 in
1447 2384 1608 2415 coena.

971 2431 1245 2473 Praedicftus
1278 2429 1449 2470 modus
1477 2429 1615 2472 bene-

907 2489 1095 2531 dicendi
1119 2501 1346 2534 mensam,
1374 2494 1419 2528 et
1443 2489 1613 2541 agendi

906 2548 1097 2603 gratias.
1118 2553 1326 2589 servatur
1348 2546 1476 2586 omni
1502 2554 1616 2587 tem-

907 2620 1022 2662 pore
1045 2605 1183 2661 hujus
1209 2603 1359 2647 Partis
1382 2601 1607 2648 Αιιιιιιιιιι

806 2740 974 2754 —
