2050 3392
307 257 423 311 Die
445 272 481 310 Ι
508 256 707 325 Οίῖοό.,
730 257 792 310 S.
823 258 1108 329 Gregorii,
1135 258 1248 328 Ep.
1279 259 1368 313 M.
1421 259 1616 314 ccxliii.

130 392 266 438 loco.
345 392 525 439 Mansit
573 402 735 439 antem
784 394 851 439 sic

131 450 403 508 suspensus
442 462 622 510 septem
663 453 847 506 diebus,

129 519 252 568 post
266 524 403 569 quotz,
419 526 568 570 quum
583 513 632 558 in
646 526 733 558 sua
746 526 851 558 sen-

131 570 291 615 tentia
322 573 629 628 permaneret,
662 586 721 617 ex
750 585 850 616 uno

131 630 264 686 pede
286 630 543 687 suspensus
562 631 760 676 coaetus
778 639 850 676 est

130 689 327 733 fumum
368 690 557 734 haurite
595 690 850 735 excitatum

128 762 196 792 ex
235 748 350 792 fimo
384 749 696 805 graveolente,
734 750 851 793 dum

131 806 323 851 interea
356 806 536 852 fertiter
566 808 852 854 caedebatur

126 865 323 911 baculis
337 864 559 912 humidis.
596 867 723 912 Inter
734 867 852 912 haec

129 925 290 969 enixis
329 925 487 970 Deum
522 926 740 999 precibus
774 940 851 971 ex-

128 983 290 1030 oravit
323 997 413 1041 pro
440 984 591 1030 salute
618 983 845 1039 amnium,

127 1043 414 1101 praesertim
424 1044 579 1100 gentis
585 1044 851 1098 Armeniae,

127 1111 283 1160 atque
316 1110 369 1147 ut
411 1103 498 1147 sibi
534 1104 849 1150 constantiam

127 1175 226 1220 pro
268 1161 364 1206 fide
405 1161 639 1208 tribueret.
708 1163 849 1208 Hanc

128 1235 219 1266 rex
242 1220 500 1267 demiratus
518 1223 725 1280 quidem,
746 1236 850 1268 cru-

128 1280 291 1326 delius
361 1288 522 1326 tamen
602 1282 840 1335 desaeviit,

127 1339 478 1397 mandavitque
510 1340 665 1386 afferri
697 1340 846 1400 lignd-

124 1413 241 1444 rum
283 1407 491 1453 truncos,
537 1409 582 1445 et
622 1401 844 1459 compdni

127 1458 325 1504 tabulas
389 1471 531 1517 super
590 1459 845 1507 anteridrae

126 1525 292 1575 partes
324 1518 504 1575 pedum
529 1518 645 1576 eJus,
670 1519 846 1576 easque

126 1577 329 1622 funibus
368 1577 564 1622 noddsis
598 1578 847 1623 vehemen-

126 1646 202 1682 ter
225 1636 486 1694 constrIngi
503 1636 656 1681 donec
672 1636 847 1682 deflue-

124 1705 200 1742 ret
225 1695 420 1754 sanguis
441 1709 524 1753 per
554 1696 847 1743 summitates

126 1756 409 1814 digitdrum.
472 1754 700 1814 Cdlaphis
722 1756 849 1801 insu-

126 1829 218 1874 per
248 1813 475 1860 contusus
504 1814 605 1867 fuit,
629 1824 675 1860 et
704 1824 847 1872 caput

125 1876 238 1933 ejus
289 1873 568 1920 artificidsae
626 1874 847 1919 cachleae

125 1932 427 1990 imp6situm,
453 1940 500 1978 et
520 1932 717 1979 admdta
746 1934 846 1978 nari

124 1994 238 2051 ejus
269 1990 432 2036 fistula
459 1991 609 2037 effusa
628 2001 738 2038 sunt
757 1993 841 2045 sal,

125 2053 312 2098 nitrum
363 2058 411 2096 et
460 2051 649 2096 acetum
706 2052 847 2098 simul

126 2110 409 2157 commixta.
445 2110 602 2156 Multa
615 2111 787 2157 similia
799 2121 846 2158 et

67 2143 69 2216 i
127 2169 300 2229 pejara
339 2169 628 2216 crudelitatis
670 2171 847 2229 genera

67 2225 68 2239 ¹
128 2228 389 2287 perpessus
414 2235 499 2281 est.
532 2228 656 2275 adeo
684 2238 738 2275 ut
764 2244 846 2275 rex

128 2290 239 2347 ipse
272 2287 569 2334 vehementer
600 2288 847 2336 miraretur

130 2346 369 2392 mansisse
408 2347 581 2400 vivum,
625 2356 674 2393 et
713 2348 846 2394 nihili

131 2405 304 2452 secIsse
325 2404 517 2451 doleres
537 2406 762 2453 intensos.

69 2471 74 2550 l
197 2469 270 2524 ΗΓ.
318 2464 617 2509 Desiderium
658 2466 847 2512 animae

71 2555 74 2576 ι
131 2525 239 2582 ejus
269 2523 473 2569 tribuisti
501 2524 557 2576 ei,
587 2524 709 2577 Dste,
734 2528 763 2555 ⁴*
785 2527 848 2572 Et

70 2581 75 2646 j
132 2581 381 2628 voluntate
392 2581 625 2629 labiarum
638 2584 739 2641 ejus
749 2597 848 2629 non

71 2675 74 2712 Ι
132 2641 501 2688 fraudastieum.
529 2641 848 2703 5‘,Qu6nia.rn

133 2700 419 2760 praevenisti
446 2714 555 2746 eum
584 2701 632 2746 in
658 2702 849 2748 benedi·

133 2878 295 2938 lapide
316 2875 602 2935 pretidsO.--
611 2878 687 2926 Et.

132 2759 377 2807 e‘tidnibus
388 2759 649 2806 dulcedinis
664 2772 676 2806 :
689 2763 850 2819 posui-
878 2794 885 2802 .

133 2821 192 2866 sti
206 2820 256 2865 in
270 2818 427 2876 capite
439 2818 541 2875 ejus
551 2818 777 2866 cortinam
791 2821 850 2866 de
879 2817 883 2850 ’ν

1145 416 1310 463 LeCiiO
1332 416 1389 461 vi.

1053 511 1213 557 UUM
1242 518 1403 557 autem
1427 512 1623 570 quidam

1078 585 1137 617 ex
1201 571 1404 630 satrapis
1462 585 1622 629 regem

913 629 1147 676 allocutus
1182 631 1246 675 illi
1277 631 1622 676 manifestasset

915 688 1194 747 Gregdrium
1216 690 1316 735 fssiu
1335 704 1440 735 esse
1453 690 1624 736 Anach

916 747 1224 794 interfeetdris
1242 749 1388 807 patris
1406 751 1508 807 eJus
1528 750 1625 795 Cu-

916 806 1112 859 saranis‚
1137 808 1275 865 jussit
1306 809 1437 854 illum
1473 808 1625 854 mani-

914 868 1019 919 bus,
1063 866 1358 924 pedibusque
1404 877 1454 913 et
1495 868 1623 913 colle

913 925 1127 970 vinetum
1144 925 1340 983 perduci
1359 927 1409 971 in
1432 926 1622 984 provin·-

914 985 1039 1029 ciam
1078 985 1264 1038 Amat,
1311 986 1533 1043 trudique
1572 986 1623 1031 in

913 1044 1135 1089 verticem
1196 1045 1336 1090 castri
1402 1045 1617 1098 Artaxat,

914 1102 1195 1160 demittIque
1214 1103 1263 1148 in
1284 1103 1498 1148 infimum
1522 1103 1623 1150 hia-

913 1170 1016 1206 tum
1038 1162 1192 1207 donec
1213 1161 1390 1207 ibidem
1419 1162 1623 1209 morere·

912 1230 1001 1267 tur.
1069 1223 1203 1268 Deus
1222 1235 1348 1275 vero,
1368 1222 1450 1280 qui
1469 1236 1497 1268 e
1517 1230 1622 1268 tan-

912 1281 971 1326 tis
1010 1281 1258 1327 tormentis
1296 1282 1453 1327 vivum
1487 1282 1621 1328 illum

911 1339 1162 1399 eripuerat,
1205 1354 1264 1386 ex
1303 1341 1398 1387 hoe
1444 1341 1622 1400 pariter

910 1399 1109 1446 servavit
1136 1399 1417 1454 incalumem
1442 1409 1489 1447 et
1508 1409 1620 1457 post

909 1459 1108 1517 longum
1136 1467 1324 1517 ternpus
1343 1459 1620 1507 Teridatem

910 1521 1068 1575 ipsum
1087 1520 1214 1565 velut
1233 1519 1433 1565 alterum
1455 1521 1624 1566 Nabu-

910 1577 1215 1624 chodanosor
1233 1578 1494 1625 tentatidne
1514 1592 1620 1652 pro-

909 1637 1102 1683 batssad
1114 1637 1224 1682 fidei
1237 1638 1398 1682 lumen
1409 1638 1620 1690 adduxit.

912 1710 1055 1755 quem
1124 1696 1383 1755 Gregarius
1441 1696 1622 1756 Jejunio

912 1756 1169 1814 purgatum
1197 1756 1305 1802 Deo
1330 1770 1416 1815 per
1442 1757 1622 1815 baptIs-

912 1828 1045 1859 mum
1075 1815 1402 1861 reconciliavit.
1454 1817 1622 1874 Itaque

910 1874 1040 1920 faeta
1050 1875 1287 1933 potestate
1298 1874 1484 1933 publice
1492 1887 1622 1933 prae-

912 1933 1104 1980 dicandi
1132 1934 1305 1980 Christi
1338 1934 1616 1992 Evangelifi,

892 1987 1104 2052 'majdris
1143 1994 1395 2040 Armeniae
1428 2000 1619 2051 gentem

912 2053 960 2097 in
1000 2053 1095 2099 fide
1135 2053 1350 2106 erudivit.
1394 2062 1441 2099 et
1481 2066 1618 2098 sacro

912 2112 1042 2159 fonte
1052 2113 1281 2166 lustravit,
1294 2112 1624 2169 Ecclesiasque

911 2172 1230 2230 undequaque
1247 2171 1405 2218 ,erexit
1438 2170 1623 2216 destru-

911 2231 1001 2276 <stis
1051 2231 1391 2289 superstitianis
1430 2229 1622 2275 simula-

912 2291 1015 2343 cris,
1030 2290 1315 2348 templisque
1322 2288 1485 2335 earum
1493 2289 1620 2333 ever-

913 2349 991 2394 sis.
1057 2349 1348 2395 Caesaraeae
1374 2347 1622 2393 ordinatus

914 2421 1016 2452 suae
1025 2408 1181 2465 gentis
1206 2406 1619 2465 Archiepsscopus.

913 2466 1172 2524 impensius
1198 2465 1434 2511 Armenos
1461 2465 1623 2510 divina

914 2525 1136 2571 doetrina
1153 2523 1382 2577 instruxit,
1408 2532 1552 2582 atque
1572 2524 1622 2569 in

914 2584 1008 2630 fide
1047 2583 1267 2640 suscepta
1307 2582 1617 2630 confirmavit.

914 2643 1098 2700 Quietis
1154 2643 1348 2688 tandem
1382 2654 1442 2687 ac
1475 2641 1621 2687 divini

915 2703 998 2750 atii
1024 2700 1362 2763 cupidissimus
1389 2700 1439 2745 in
1461 2700 1623 2747 solitu-

916 2763 1075 2807 dinem
1105 2773 1155 2805 se
1182 2759 1370 2817 recepit,
1395 2760 1478 2805 ubi
1502 2759 1623 2817 jeju-

917 2822 995 2866 nio
1015 2828 1062 2866 et
1083 2817 1471 2876 contemplatidni
1491 2819 1624 2865 dedi-

880 2879 885 2928 ἰ
917 2891 1006 2932 tus,
1052 2878 1228 2925 meritis
1268 2878 1537 2930 cumulatus
1577 2879 1624 2923 in
