2050 3392
165 264 280 317 Die
293 261 372 315 18
381 262 555 332 Sept„
571 262 632 315 S.
657 260 896 333 Josephi
907 280 943 316 a
964 264 1013 317 C
1008 264 1283 332 upertiem,
1302 264 1350 318 C
1347 266 1458 334 ons:
1496 281 1599 335 405

126 399 343 458 cet-pore,
366 398 463 444 sive
483 406 614 445 extra
642 412 826 459 corpus,

127 460 303 511 nescio,
341 459 473 504 Deus
508 459 614 516 scit)
645 469 832 518 raptum

128 519 404 577 hujt'ismodi
447 531 599 576 usque
642 521 704 565 ad
746 520 835 566 ter-

129 580 250 624 tium
264 579 464 623 coelum.
493 579 556 623 Et
572 580 669 624 scio
682 579 834 638 hujus·
910 619 934 642 ὃ,

326 638 566 684 hominem
621 637 737 696 (sive
787 640 832 683 in
910 655 932 692 ιι
990 648 1013 669 ··’

130 638 263 683 modi

131 698 343 755 cerpore,
376 698 473 742 sive
491 706 624 743 extra
642 712 828 756 corpuS.

131 757 305 809 nescio,
328 758 460 826 Deus
481 757 587 815 scit)
607 758 831 814 quoniam

131 948 256 993 quae
292 949 388 980 non
421 936 526 980 licet
557 936 735 982 hemini
768 938 833 981 lo-

132 995 226 1052 qui.
268 994 648 1053 Prohujusmodi
665 996 833 1054 glorie-

129 1055 250 1100 bor:
283 1067 372 1112 pro
406 1067 484 1107 me
513 1064 673 1100 autem
717 1057 831 1100 nihii

128 1114 383 1170 gloriabor,
425 1114 513 1159 nisi
554 1115 599 1158 in
641 1115 832 1159 infirmi·

131 1173 311 1219 tatibus
332 1174 462 1218 meis.
559 1174 700 1226 Nam,
727 1182 773 1219 et
796 1176 832 1218 si

127 1231 326 1277 voluero
370 1233 573 1290 gloriari,
620 1247 715 1279 non
752 1246 834 1279 ero

128 1291 358 1350 insipiens
376 1305 386 1336 ε
418 1293 656 1338 veritatem
673 1301 832 1339 autem

127 1352 287 1396 dicam
326 1365 336 1396 ε
368 1364 515 1409 parco
553 1360 725 1404 autem,
773 1367 833 1397 ne

128 1411 236 1468 quis
258 1424 335 1455 me
351 1410 584 1456 existimet
606 1425 748 1469 supra
763 1413 827 1463 id,

127 1471 262 1528 quod
283 1471 412 1514 videt
434 1471 481 1514 in
513 1483 602 1521 me,
638 1480 720 1516 aut
751 1471 834 1516 ali-

128 1529 245 1586 quid
276 1530 411 1603 audit
438 1543 498 1574 ex
524 1542 627 1599 me..
680 1531 743 1575 Et
773 1545 835 1575 ne

128 1589 414 1700 ζ’ἐῗιξῗᾞὲῗ
432 1589 834 1695 α’ἓῖἓζ“’ἕῗῦωῖιῖῐ

69 1747 70 1766 ἦ
127 1709 352 1753 stimulus
364 1708 519 1753 carnis
538 1722 670 1755 meae
690 1709 835 1767 ange-

69 1803 77 1812 .
127 1768 200 1812 lus
231 1768 454 1819 satanae,
491 1769 570 1825 qui
602 1782 679 1813 rne
708 1770 834 1814 cola-

69 1847 70 1880 3
127 1828 302 1885 pbizet.
377 1827 572 1885 Propter
600 1830 733 1886 quod
766 1836 833 1874 ter

129 1887 396 1933 Dominum
417 1886 590 1945 rogavi.
616 1895 670 1932 ut
687 1888 834 1933 disce-

127 1948 261 1992 deret
283 1961 314 1992 a
334 1960 411 1991 me
432 1961 443 1992 :
473 1955 518 1991 et
541 1948 657 1992 dixit
677 1948 791 1992 mihi
821 1962 831 1993 t

127 2006 300 2052 sufficit
317 2007 400 2051 tibi
414 2006 570 2064 gratia
587 2019 712 2060 mea:
723 2021 831 2052 nam

127 2067 276 2112 virtus
296 2066 345 2110 in
366 2065 635 2111 infirmitate
650 2067 832 2124 perfici-

129 2134 218 2172 tur.
278 2125 503 2170 Libenter
515 2126 656 2182 igitur
664 2127 834 2183 gloria-

128 2187 218 2231 bor
245 2186 295 2231 in
317 2185 669 2231 infirmitatibus
696 2187 825 2237 meis,

128 2245 427 2291 utinhabitet
468 2245 518 2289 in
560 2259 637 2290 me
688 2245 832 2290 virtus

131 2305 321 2356 Christi.

193 2364 268 2423 RY.
302 2364 401 2409 Iste
440 2363 661 2421 cognovit
698 2363 833 2422 justi-

127 2426 256 2476 tiam,
314 2432 362 2469 et
429 2423 544 2467 vidit
601 2424 834 2469 mirabilia

127 2498 319 2542 magna,
357 2490 405 2528 et
436 2482 644 2528 excrevit
690 2483 834 2528 Altis-

125 2545 333 2589 simum:
374 2543 399 2567 ''
426 2543 487 2588 Et
517 2542 733 2587 inventus
763 2551 833 2588 est

123 2605 173 2648 in
195 2603 397 2648 numero
419 2601 704 2647 saneterum.
773 2601 837 2661 XV.

128 2663 225 2708 Iste
244 2672 315 2708 est
339 2661 422 2719 qui
456 2660 738 2718 contempsit
769 2662 833 2705 vi-

124 2730 221 2767 tam
246 2721 431 2772 mundi,
458 2728 506 2764 et
527 2720 740 2777 pervenit
770 2722 832 2765 ad

125 2782 351 2826 coelestia
371 2779 662 2837 regna.—Et
676 2780 834 2825 inven-

125 2848 202 2884 tus
220 2848 306 2886 est.
387 2838 543 2885 (idria
566 2838 707 2884 Patri.
770 2839 833 2884 Et

123 2899 342 2945 inventus
361 2905 454 2944 est.

973 417 1029 461 In
1052 421 1260 461 secundo
1288 421 1548 463 Noenu-110.

1147 502 1313 548 Lectio
1336 503 1392 549 iv.

1082 584 1096 636 ,
1115 578 1442 626 OSEPHUS
1462 593 1493 625 a
1510 579 1602 625 Cu-

1099 644 1122 704 '3
1150 639 1600 745 ggfflnobppidoin

1120 721 1123 754 ;
1215 700 1418 751 lentims,
1470 701 1602 745 dioe-

1215 819 1407 876 paretae
1435 818 1602 864 sait'ltis

898 876 1147 922 millesimo
1260 878 1601 923 sexcentesimo

898 934 1050 986 tertio,
1078 937 1168 993 piis
1186 938 1366 982 ibidem
1397 938 1601 995 parenti-

896 995 986 1038 bus
1021 1003 1168 1047 ortus,
1215 996 1400 1053 Deique
1440 998 1601 1043 amere

897 1055 1602 1114 praeventus,pueritiamatque

897 1114 1262 1160 adolescentiam
1284 1129 1471 1161 summa
1490 1129 1600 1160 cum

897 1174 1208 1231 simplicitate,
1230 1175 1511 1232 morumque
1534 1176 1603 1220 in-

898 1233 1115 1278 nocentia
1136 1234 1375 1291 transegit.
1432 1237 1475 1279 A
1497 1236 1601 1280 diu-

899 1292 1053 1345 turno,
1106 1294 1400 1352 molesteque
1431 1296 1601 1340 morbo

897 1352 1239 1409 patientissime
1253 1354 1466 1405 tolerato,
1489 1354 1601 1398 Dei-

899 1425 1042 1469 parae
1054 1412 1257 1469 Virginis
1271 1426 1364 1470 ope
1376 1414 1603 1457 liberatus

899 1484 947 1514 se
969 1478 1122 1516 totum
1145 1472 1332 1529 pietatis
1359 1472 1592 1530 operibus,

897 1543 953 1574 ac
969 1530 1240 1575 excolendis
1256 1531 1503 1576 virtutibus
1519 1532 1601 1575 de-

896 1589 979 1640 dit,
1011 1597 1157 1645 utque
1189 1591 1294 1634 Deo
1324 1591 1386 1633 ad
1418 1590 1602 1647 majera

898 1647 1082 1693 vocenti
1107 1661 1156 1693 se
1175 1648 1388 1692 intimius
1404 1649 1600 1707 conjt'm-

895 1717 1039 1766 geret,
1063 1707 1215 1754 ordini
1239 1708 1498 1765 Serephico
1515 1721 1601 1753 no-

897 1780 1006 1812 men
1029 1769 1143 1813 dare
1158 1768 1437 1828 constituit.⁴
1487 1768 1600 1813 Post

897 1827 1050 1872 verios
1071 1827 1264 1872 eventus
1286 1827 1380 1872 voti
1403 1828 1599 1872 tandem

896 1901 1096 1945 compos
1110 1887 1276 1939 faetus,
1295 1888 1425 1945 apud
1445 1886 1601 1932 Mine-

897 1960 968 1991 res
997 1947 1332 1993 conventuales
1357 1947 1405 1991 in
1430 1947 1602 1992 coeno-

896 2006 976 2052 bio
1008 2007 1279 2065 Cryptulae,
1307 2008 1427 2052 inter
1456 2007 1601 2052 laicos

895 2067 1100 2124 primum
1130 2068 1195 2111 ob
1226 2067 1483 2112 litterarum
1515 2067 1601 2110 im-

897 2127 1129 2183 peritiam,
1157 2127 1330 2171 deinde
1361 2128 1481 2172 inter
1508 2127 1601 2171 cie-

896 2187 1018 2230 ricos
1075 2186 1236 2230 divina
1289 2187 1601 2244 dispositiene

896 2245 1266 2290 connumeratus
1286 2254 1371 2291 est.
1439 2247 1602 2290 Sacer-

896 2304 1033 2349 detio
1068 2313 1177 2362 post
1219 2305 1450 2349 solemnia
1490 2314 1602 2348 vota

897 2364 1120 2417 initietuS,
1147 2363 1399 2420 perfectius
1421 2364 1506 2406 sibi
1538 2364 1601 2406 vi-

897 2432 975 2468 tae
1014 2422 1280 2468 institutum
1332 2422 1595 2479 proposuit.

897 2483 1221 2537 Quamobrem
1236 2482 1491 2526 mundanis
1499 2481 1603 2538 qui-

896 2541 1192 2598 buscumque
1213 2540 1473 2590 affeetibus,
1512 2547 1601 2584 ter-

896 2600 1119 2658 renisque
1140 2600 1279 2644 rebus
1301 2612 1423 2656 pene
1443 2599 1506 2642 ad
1537 2599 1602 2642 vi-

897 2668 996 2705 tam
1029 2659 1302 2704 necessariis
1334 2658 1460 2703 illico
1492 2672 1521 2702 a
1552 2672 1602 2702 se

897 2718 1142 2769 abdicetis,
1177 2717 1351 2768 ciliciis,
1386 2717 1595 2774 flagellis,

896 2779 1088 2829 catenis,
1110 2777 1239 2822 omni
1257 2777 1449 2822 demum
1467 2790 1602 2834 aspe-

895 2838 1104 2889 ritetum,
1118 2850 1175 2882 ac
1188 2836 1445 2895 poenerum
1461 2836 1604 2893 gene·

896 2911 945 2943 re
975 2910 1150 2957 corpus
1179 2896 1355 2949 afflixit,
1383 2896 1600 2953 spiritum
