2050 3392
345 265 417 321 vi.

686 265 776 322 De
798 265 975 321 Anno
998 271 1055 322 et
1074 266 1197 337 ejus
1208 265 1492 339 partibus.

392 413 574 451 MODUS
609 414 794 450 BREvls
826 414 1204 452 COGNOSCENDI
1237 414 1470 450 Atym-:tm
1502 413 1785 452 NUMERUM

855 474 1129 521 CUJUSQUE
1162 474 1315 511 ANNI.

345 533 435 622 N
479 589 666 639 quaeris,
720 589 832 629 adde
887 602 1057 630 umcam

345 636 555 679 unitatem
594 655 625 679 1.
651 639 848 690 Exempli
885 640 1058 689 gratia:

345 703 456 729 anno
488 693 598 740 1833,
627 691 739 731 adde
777 706 794 731 1
821 703 1059 732 :summam

454 535 682 578 UMERO
725 535 827 578 anni
870 538 925 578 de
949 551 1058 598 ,quo
1122 537 1222 579 inde
1248 537 1473 579 conflatam
1500 536 1645 579 divide
1672 552 1750 589 per
1770 553 1837 591 19,

1122 589 1238 640 quod
1257 597 1462 639 superest,
1479 588 1558 630 erit
1572 590 1742 630 Aureus
1761 605 1840 631 nu-

1124 654 1264 681 merus
1283 639 1414 690 ipsius
1431 639 1531 680 anni
1551 653 1560 682 :
1580 640 1615 680 si
1636 640 1740 681 nihil
1768 656 1841 682 su-

1123 690 1362 742 petest,erit
1379 692 1544 731 Aureus
1556 705 1758 732 numerus
1774 708 1834 744 19,

681 831 753 866 DE
787 832 1024 876 EPACTIS,
1065 833 1135 867 ΕΤ
1167 831 1498 868 NOVILUNIIS.

347 892 637 984 FPACTA
673 892 778 934 nihil
813 894 932 937 aliud
975 903 1056 945 est,
1089 900 1092 973 ἱ

396 966 430 985 ,ι
475 958 605 996 quam
636 959 838 987 numerus
874 945 1056 994 dierum,

344 993 501 1046 quibus
527 1009 664 1037 annus
685 996 845 1037 Solaris
872 1010 1059 1038 commu-

344 1045 411 1087 nis
446 1046 612 1088 dierum
644 1050 733 1098 365,
761 1061 920 1088 annum
947 1062 1059 1089 com-

345 1111 516 1139 munem
550 1099 763 1139 Lunarem
790 1098 956 1140 dierum
985 1113 1059 1158 354

343 1157 517 1199 superat
541 1162 550 1190 ε
578 1148 640 1190 ita
666 1160 713 1190 ut
743 1150 907 1201 EpaCta
933 1164 1058 1201 primi

344 1199 445 1240 anni
472 1199 528 1239 sit
560 1215 620 1248 11,
649 1214 747 1241 cum
775 1201 854 1241 hoc
881 1215 1059 1242 numero

344 1264 480 1290 annus
495 1250 652 1291 Solaris
666 1251 901 1292 communis
918 1252 1059 1293 Luna-

344 1314 433 1341 rem
459 1314 617 1342 annum
644 1316 910 1343 communem
937 1317 1058 1345 exce-

344 1352 435 1397 dat:
454 1361 584 1402 atque
602 1354 712 1394 adeo
730 1354 926 1404 sequenti
945 1368 1058 1396 anno

347 1402 582 1462 Novilunia
612 1403 860 1455 contingant
896 1420 940 1446 11
970 1406 1058 1447 die·
1088 1402 1092 1455 Ι

342 1454 424 1493 bus
450 1467 582 1505 pnus,
611 1468 740 1507 quam
765 1469 878 1498 anno
904 1456 1053 1509 primo.

346 1505 414 1544 Ex
441 1517 526 1555 quo
553 1505 615 1553 fit,
647 1507 855 1557 Epac‘tam
881 1508 1058 1550 secundi

343 1555 444 1596 anni
480 1570 573 1597 esse
618 1572 682 1606 22,
719 1571 816 1598 cum
851 1572 902 1599 eo
945 1573 1059 1600 anno
1089 1570 1092 1583 ¹

345 1621 511 1648 rursum
547 1621 684 1648 annus
721 1609 879 1650 Solaris
917 1610 1059 1651 Luna·
1089 1594 1093 1633 Ῑ

345 1672 434 1700 rem
452 1672 612 1700 annum
630 1670 802 1711 superet
823 1676 866 1702 11
888 1660 1057 1711 diebus,

344 1709 417 1762 qui
454 1710 590 1752 additi
626 1713 681 1753 ad
721 1728 765 1754 11
803 1712 895 1754 dies
933 1713 1057 1773 primi

342 1761 458 1811 anni,
479 1762 668 1804 efficiunt
695 1779 758 1814 22,
786 1777 837 1805 ac
864 1766 1057 1815 promde,

346 1813 464 1854 finito
515 1814 595 1855 hoc
645 1828 773 1863 anno,
823 1816 1059 1857 Novilunia

343 1863 591 1914 contingere
635 1880 683 1905 22
727 1864 880 1907 diebus
925 1867 1057 1917 prius.

344 1928 473 1966 quam
509 1914 645 1975 primo
675 1930 815 1959 anno:
848 1917 1059 1969 Epadtam

343 1975 489 2006 autem
517 1975 630 2007 tertu
656 1967 757 2007 anni
784 1982 877 2010 esse
897 1984 935 2020 3.
955 1970 1060 2021 quia

343 2016 378 2057 si
406 2030 550 2057 rursus
580 2032 623 2058 11
661 2017 753 2059 dies
784 2020 840 2060 ad
877 2034 925 2061 22
950 2021 1059 2072 adji-

343 2066 525 2117 ciantur‚
545 2068 751 2110 efficietur
774 2084 974 2112 numerus
993 2087 1059 2123 33:

343 2135 370 2160 a
398 2133 484 2179 quo
520 2119 556 2160 si
593 2120 838 2172 rejiciantur
866 2137 915 2173 30
949 2123 1057 2172 dies,

344 2185 419 2230 qui
440 2185 568 2212 unam
590 2171 873 2214 Lunationem
903 2175 1060 2215 Embo-

345 2223 552 2263 lismalem
603 2224 883 2272 constituunt,
935 2225 1059 2267 relin·
1089 2259 1092 2266 ,

343 2284 529 2325 quentur
548 2289 585 2325 3,
604 2283 734 2325 atque
761 2275 822 2316 ita
840 2275 1052 2327 deinceps.
1089 2299 1093 2348 Ι

346 2325 684 2376 progrediuntur
717 2327 831 2367 enim
867 2328 1058 2378 Epaetae
1089 2353 1092 2362 ·

1089 1040 1092 1069 Ι

1088 1080 1092 1095 ι

1122 907 1269 936 omnes
1283 908 1359 945 per
1372 892 1619 936 continuum
1633 907 1843 946 augmen-

1123 954 1215 986 tum
1238 961 1280 986 11
1301 945 1479 987 dierum.
1495 944 1675 995 abjeetis
1693 955 1842 988 tamen

1147 1012 1174 1037 o
1190 997 1363 1047 quando
1382 996 1500 1048 rejici
1519 1006 1706 1048 possunt.
1764 998 1844 1039 so-

1140 1062 1211 1088 um
1230 1049 1403 1098 quando
1421 1056 1670 1098 perventum
1686 1047 1768 1089 erit
1783 1051 1842 1090 ad

1122 1098 1317 1139 ultimam
1354 1099 1563 1150 Epadtam
1588 1099 1734 1140 Aureo
1762 1114 1843 1141 nu·

1124 1163 1240 1191 mero
1275 1164 1322 1202 19
1349 1151 1691 1201 respondentem,
1725 1164 1841 1202 quae

1122 1210 1188 1241 est
1221 1215 1284 1252 29,
1303 1202 1522 1243 adduntur
1557 1216 1618 1249 12,
1638 1211 1687 1242 ut
1721 1203 1845 1253 abje-

1123 1251 1203 1292 <stis
1232 1266 1295 1303 30,
1316 1266 1368 1293 ex
1396 1251 1633 1303 composito
1660 1266 1842 1295 numero

1123 1317 1188 1353 41,
1205 1302 1414 1344 habeatur
1430 1317 1575 1344 rursus
1593 1304 1758 1354 Epac'ta
1777 1321 1840 1353 11,

1124 1363 1170 1394 ut
1192 1353 1234 1395 in
1253 1354 1471 1406 principio.
1505 1354 1632 1404 Quod
1657 1354 1757 1396 ideo
1775 1356 1841 1403 fit,

1123 1415 1171 1445 ut
1206 1405 1357 1446 ultima
1403 1405 1587 1447 Lunatio
1629 1406 1845 1447 Embolis-

1123 1456 1248 1505 mica,
1269 1467 1464 1498 currente
1491 1458 1634 1497 Aureo
1661 1471 1844 1499 numero

1126 1522 1187 1559 19.
1203 1507 1259 1548 sit
1286 1518 1452 1548 tantum
1480 1521 1528 1559 29
1556 1507 1732 1549 dierum.
1795 1510 1841 1550 Si

1123 1559 1237 1600 enim
1282 1573 1332 1609 30
1375 1559 1467 1600 dies
1502 1559 1753 1607 contineret,
1793 1571 1842 1602 ut

1123 1609 1234 1650 aliae
1269 1623 1345 1650 sex
1383 1609 1643 1651 Lunationes
1683 1611 1844 1652 Embo-

1124 1660 1328 1710 lismicae,
1359 1674 1444 1703 non
1480 1662 1666 1703 redirent
1705 1662 1844 1704 Novi-

1124 1712 1241 1754 lunia
1260 1722 1356 1764 post
1378 1728 1424 1764 ¹9
1441 1727 1575 1754 annos
1596 1714 1765 1755 Solares
1784 1717 1841 1756 ad

1124 1765 1296 1805 eosdem
1310 1764 1417 1813 dies,
1427 1765 1504 1805 sed
1516 1778 1663 1806 versus
1677 1765 1842 1807 calcem

1125 1815 1334 1857 mensium
1368 1816 1704 1867 prolaberentur,
1742 1830 1845 1858 con-

1123 1866 1422 1918 tingen-eatque
1449 1880 1534 1908 uno
1569 1866 1639 1908 die
1675 1867 1844 1909 tardius

1125 1932 1255 1969 quam
1273 1929 1374 1959 ante
1396 1932 1442 1970 19
1462 1930 1606 1959 annos.
1668 1919 1738 1960 De
1752 1934 1844 1971 qua

1125 1983 1170 2010 re
1182 1969 1304 2028 plura
1315 1968 1505 2010 invenies
1520 1968 1561 2010 in
1577 1968 1686 2010 libro
1704 1984 1844 2012 novae

1126 2019 1300 2061 rauonis
1317 2020 1568 2061 restituendi
1591 2021 1843 2063 Kalendarii

1129 2071 1323 2112 Romani.
1362 2072 1471 2113 Sunt
1498 2082 1643 2113 autem
1671 2086 1844 2114 novem-

1091 2155 1092 2170 ,
1125 2122 1491 2181 decim-Epad‘tam
1541 2132 1616 2163 uot
1642 2133 1687 2163 et
1709 2124 1843 2165 Aurei

1125 2187 1305 2222 numen,
1322 2175 1530 2225 responde
1561 2174 1750 2224 antquei
1806 2175 1844 2215 is

1124 2224 1279 2266 Aureis
1324 2224 1509 2266 numeris
1544 2235 1644 2266 ante
1684 2226 1755 2267 Ka
1770 2240 1846 2267 en-

1126 2275 1234 2318 darii
1246 2276 1550 2318 correctionem
1558 2289 1610 2316 eo
1619 2277 1748 2318 modo
1756 2291 1845 2328 quo

1125 2327 1168 2368 in
1188 2328 1268 2369 hac
1293 2328 1452 2370 tabella
1470 2326 1704 2378 dispositae
1723 2338 1838 2370 sunt.

412 2397 607 2442 Tabella
630 2398 929 2456 Epac‘larum
955 2402 1338 2460 respondentium
1359 2399 1543 2444 Aureis
1564 2400 1784 2444 numeris

686 2463 802 2504 ante
821 2460 878 2504 K
873 2461 1127 2506 alen-darii
1147 2461 1490 2506 correc‘tionem.

316 2529 318 2532 V
351 2531 465 2582 Rffif
492 2534 604 2584 nuTn.
671 2560 703 2585 ι.
820 2560 853 2585 2.
972 2560 1005 2604 3.

386 2594 586 2643 Epaftae.
659 2596 713 2636 xi.
789 2595 886 2636 xxii.
959 2595 1015 2636 ini.

383 2683 425 2727 ²9.
479 2684 535 2709 10.
580 2685 637 2728 ¹.¹·
711 2685 767 2730 1¹2..
863 2684 929 2729 13...
986 2685 1044 2729 μ.

349 2733 435 2774 gnx.
473 2733 539 2758 xx.
596 2734 618 2759 ι.
699 2735 769 2779 κιὲ
830 2734 943 2761 xxm.
987 2735 1042 2761 ιν.

397 2798 512 2848 Quia
543 2813 644 2839 vero
677 2801 823 2851 cyclus
855 2802 1063 2842 decenno-

346 2848 539 2890 vennalis
566 2851 698 2892 Aurei
726 2851 890 2891 numeri
911 2851 1063 2902 imper-

348 2899 487 2941 fectus
502 2909 582 2947 est,
599 2914 694 2941 cum
715 2901 947 2942 Novilunia
966 2913 1061 2954 post

1130 2561 1167 2595 4.
1278 2559 1311 2594 5.
1435 2547 1470 2584 6.
1590 2558 1623 2593 7.
1735 2547 1772 2585 8.

1101 2596 1184 2637 xiv.
1247 2610 1343 2636 xxv.
1424 2595 1476 2635 vi.
1553 2594 1651 2634 xvii.
1679 2595 1826 2637 xxviii.

1117 2685 1174 2720 15.
1270 2673 1334 2730 τό..
1422 2685 1479 2730 ¹2·
1574 2672 1643 2730 ιβ...
1729 2686 1788 2731 ¹9·
1841 2695 1842 2712 η

1109 2736 1175 2762 xv.
1238 2736 1348 2762 xxvi.
1413 2734 1480 2761 vu.
1544 2735 1657 2762 xvm.
1697 2736 1811 2764 xxix.
1840 2751 1845 2782 ἦ

1135 2816 1180 2853 19
1199 2816 1332 2843 annos
1354 2802 1521 2843 Solares
1544 2816 1627 2842 non
1648 2805 1844 2853 praecise

1130 2854 1185 2893 ad
1213 2855 1363 2894 eadem
1383 2854 1474 2894 loca
1493 2854 1686 2901 redeant,
1711 2866 1758 2896 ut
1780 2857 1845 2898 di-

1130 2904 1244 2944 ctum
1272 2914 1352 2955 est,
1392 2904 1663 2956 imperfectus
1709 2907 1844 2949 etiam
