2050 3392
495 280 671 333 Faria
695 286 851 332 sexta
876 280 959 332 ad
975 280 1349 334 Matutinum.

206 415 376 450 semen
428 401 535 460 ejus
584 402 635 447 in
682 401 925 447 aetornum

209 462 442 508 manebit.

272 522 338 567 Et
360 522 565 566 thronus
585 522 688 579 eJus
712 521 833 565 sicut
853 521 923 565 sol

212 582 262 626 in
283 594 403 626 cons
568 579 724 632 meost*
740 587 788 626 et
804 580 925 625 sicut

214 641 329 686 luna
343 639 560 698 perseota
585 639 633 684 in
653 639 924 685 aeternum:

212 708 261 746 et
282 700 417 745 testis
438 700 490 743 in
509 700 644 744 coelo
665 699 832 745 fidelis.

272 760 352 804 Tu
382 772 497 803 vero
528 758 738 816 repulisti
770 766 817 803 et
846 758 926 803 de-

210 818 410 877 spensti
441 833 451 863 :
475 816 504 841 ⁴*
533 817 757 864 distulisti
790 818 925 864 Chri-

212 887 343 923 stum
365 886 520 922 tuum.

273 936 498 982 Evertisti
590 935 924 982 testamentum

211 997 334 1043 servi
352 997 422 1042 tui
438 1011 447 1041 :
466 994 494 1019 ⁴*
510 996 770 1054 profanasti
779 996 828 1040 in
837 1004 925 1041 ter-

213 1071 270 1102 ra
289 1054 616 1101 sanotuarium
637 1057 753 1113 ejus.

278 1113 568 1161 Destruxisti
591 1128 757 1159 omnes
788 1127 923 1172 sepes

214 1177 319 1234 ejus
346 1190 357 1221 :
379 1174 409 1197 ⁴*
436 1173 637 1233 posuisti
660 1173 925 1220 firmamen-

215 1243 321 1281 tum
342 1235 443 1292 ejus
464 1233 782 1279 formidinem.

278 1294 589 1352 Diripuerunt
620 1306 728 1338 eum
760 1301 925 1339 omnes

215 1353 518 1399 transeuntes
536 1352 664 1397 viam
690 1367 700 1398 :
723 1352 750 1376 ⁴*
770 1351 925 1398 faotus

213 1421 288 1459 est
303 1413 618 1471 opprobrium
632 1412 792 1458 vicinis
808 1413 918 1457 suis.

276 1472 510 1518 Exaltasti
520 1472 762 1517 dexteram
772 1472 925 1529 depri-

216 1531 450 1578 mentium
466 1545 578 1576 eum
598 1546 608 1576 :
624 1530 650 1554 *
663 1531 923 1576 laetificosti

216 1605 383 1636 omnes
406 1590 620 1636 inimicos
639 1592 757 1649 ejus.

276 1649 501 1695 Avertisti
518 1650 809 1707 adjutorium
824 1648 924 1707 gla-

218 1711 285 1756 dii
302 1713 405 1769 ejus
424 1725 435 1755 :
451 1710 478 1734 ⁴*
491 1718 537 1755 et
551 1723 649 1754 non
663 1723 713 1755 es
728 1709 924 1755 auxilia-

219 1778 296 1815 tus
316 1771 357 1814 ei
378 1771 428 1814 in
448 1770 588 1814 bello.

276 1829 563 1875 Destruxisti
573 1841 683 1873 eum
692 1828 752 1873 ab
761 1842 922 1873 emun-

217 1889 412 1935 datione
431 1887 483 1934 :⁴⁵
505 1896 552 1932 et
573 1889 735 1933 sedem
756 1889 859 1946 ejus
874 1888 921 1932 in

214 1956 389 1993 terram
412 1947 636 1992 collisisti.

275 2006 531 2052 Minorosti
562 2007 664 2051 dies
695 2005 921 2064 temporis

214 2068 317 2125 eius
339 2066 396 2113 2*
417 2064 667 2125 perfudisti
684 2079 794 2110 eum
811 2072 922 2110 con-

161 2146 164 2177 ι
210 2126 411 2172 fusione.

275 2185 558 2243 Usquequo,
568 2184 786 2235 Domine,
794 2183 921 2229 aver—

211 2245 271 2290 tis
295 2246 345 2289 in
376 2244 522 2288 finem
550 2258 561 2288 :
593 2243 621 2267 ⁴*
650 2243 921 2288 exardescet

161 2310 166 2381 ζ
211 2305 334 2349 sicut
355 2304 482 2368 ignis
504 2304 572 2348 ira
593 2304 705 2347 tua?

161 2386 166 2411 i
273 2362 549 2408 Memorare
563 2375 685 2419 quae
698 2375 805 2407 mea
813 2363 920 2407 sub-

163 2442 166 2455 =
212 2421 390 2468 manua
417 2437 427 2468 z
461 2420 490 2446 ⁴*
520 2421 754 2477 numquid
793 2422 919 2466 enim

212 2494 332 2527 vane
353 2480 642 2526 constituisti
673 2493 837 2525 omnes
867 2480 921 2524 fi—

212 2541 301 2586 lios
321 2540 609 2586 hominum?

271 2600 394 2654 Quis
410 2607 485 2644 est
500 2599 658 2650 homo,
681 2599 762 2656 qui
779 2599 912 2650 vivet.

213 2667 262 2703 et
281 2672 378 2704 non
412 2658 591 2703 videbit
622 2666 821 2702 mortem
849 2671 859 2703 :
892 2661 919 2686 ⁴*

211 2719 342 2763 emet
364 2718 576 2762 animam
595 2730 728 2761 suam
745 2718 805 2761 de
820 2729 919 2762 ma—

212 2790 279 2821 nu
302 2777 437 2821 inferi
458 2778 479 2820 ?

276 2836 375 2881 Ubi
422 2843 536 2879 sunt
574 2835 917 2881 misericordiae

212 2903 325 2940 tuae
355 2894 597 2950 antiquae.
636 2894 851 2946 Domine.
889 2894 917 2920 ὓ

1604 294 1690 330 111

994 402 1116 447 sicut
1133 401 1301 461 jurasti
1334 401 1490 448 David
1511 402 1561 446 in
1582 403 1697 446 veri-

994 460 1093 506 tate
1112 470 1196 507 tua
1207 463 1228 506 Ρ

1054 521 1244 565 Memor
1297 528 1414 572 est0,
1472 520 1690 571 Domine.

992 580 1235 638 opprobrii
1293 579 1533 625 servorum
1592 579 1694 625 tuo·

994 653 1098 685 rum
1131 639 1158 663 ⁴*
1193 639 1351 698 (quod
1395 639 1606 683 continui
1650 639 1698 683 in

994 699 1099 743 sinu
1131 699 1262 758 meo)
1294 698 1550 743 multorum
1572 698 1698 743 Gon·

993 759 1127 805 tium.

1054 818 1199 872 Quod
1299 817 1697 875 exprobraverunt

994 877 1170 922 inimici
1192 877 1273 930 tui,
1298 876 1550 929 Domine*
1565 878 1697 934 quod

992 937 1388 993 exprobraverunt
1436 945 1700 982 commuta-

995 996 1174 1041 tionem
1196 996 1370 1041 Christi
1391 997 1474 1042 tui.

1056 1055 1338 1101 Benediotus
1380 1055 1618 1101 Dominus
1647 1056 1697 1101 in

992 1114 1240 1160 aete'rnum
1262 1129 1274 1161 ε
1295 1112 1322 1137 ⁴*
1341 1114 1436 1168 fiat,
1463 1115 1563 1162 fiat.

1168 1194 1380 1244 psalmus
1403 1197 1522 1244 xciii.

1145 1292 1278 1337 EUS
1317 1290 1551 1338 ultionum
1598 1292 1697 1338 Do-

1173 1352 1330 1397 minus
1345 1367 1355 1397 :
1370 1352 1397 1376 ⁴*
1413 1353 1545 1397 Deus
1558 1351 1696 1396 ultio-

992 1424 1108 1455 num
1128 1411 1270 1456 libere
1286 1412 1395 1468 egit.

1052 1470 1273 1515 Exaltore
1293 1471 1373 1527 qui
1391 1468 1579 1527 judicas
1607 1477 1698 1514 ter-

992 1543 1092 1574 ram
1110 1545 1120 1575 :
1137 1528 1164 1552 ¹*
1182 1531 1326 1574 redde
1341 1529 1695 1575 retributionem

990 1589 1219 1646 superbis.

1053 1648 1320 1706 Usquequo
1404 1646 1689 1707 peccatores,

995 1705 1251 1759 Dominefi*
1268 1707 1516 1764 usquequo
1532 1721 1697 1765 pecca·

994 1767 1120 1813 tores
1141 1765 1469 1824 gloriabuntur
1494 1781 1505 1811 ;

1053 1825 1352 1878 Effabuntur,
1379 1833 1426 1870 et
1446 1824 1698 1882 loquentur

993 1885 1291 1943 iniquitatem
1323 1900 1334 1931 :
1376 1883 1404 1908 ⁴*
1445 1885 1697 1942 loquentur

991 1959 1169 1998 omnes,
1199 1945 1280 2004 qui
1301 1943 1557 2003 operantur
1574 1945 1695 2002 inju-

988 2005 1196 2050 stitiam?

1051 2065 1287 2122 Populum
1303 2072 1451 2117 tuum,
1468 2063 1688 2117 Domine,

990 2123 1370 2169 humiliaverunt:
1381 2123 1408 2148 *
1421 2132 1465 2168 et
1480 2124 1692 2169 haeredi·

991 2183 1137 2228 tatem
1159 2191 1292 2228 tuam
1312 2183 1608 2230 vexaverunt.

1049 2243 1271 2295 Viduam,
1299 2250 1344 2287 et
1365 2242 1598 2288 advenam
1622 2244 1693 2288 in·

989 2301 1269 2347 terfecerunt
1304 2317 1315 2347 ;
1345 2302 1372 2327 *
1405 2310 1452 2347 et
1486 2302 1693 2360 pupillos

986 2361 1274 2407 occiderunt.

1049 2421 1110 2464 Et
1124 2420 1343 2466 dixerunt
1363 2435 1372 2465 :
1389 2420 1503 2465 Non
1516 2419 1692 2466 videbit

990 2479 1240 2531 Dominus,
1270 2479 1296 2503 *
1335 2493 1424 2524 nec
1465 2479 1691 2536 intelliget

990 2539 1122 2584 Deus
1138 2539 1307 2601 Jacob.

1053 2598 1307 2654 Intelligite
1339 2596 1611 2653 insipientes
1644 2597 1692 2641 in

988 2657 1167 2774 ρξιξωο
1176 2655 1215 2702 2*
1230 2665 1275 2701 et
1288 2656 1420 2701 stulti
1434 2654 1691 2712 aliquando

987 2730 1010 2762 s
1077 2718 1156 2762 ite.

1045 2775 1142 2830 Qui
1162 2773 1390 2833 plantavit
1412 2785 1689 2826 aurem,non

987 2834 1150 2880 audiet
1164 2837 1186 2880 ?
1215 2833 1244 2858 ⁴*
1291 2842 1376 2879 aut
1425 2835 1506 2890 qui
1557 2834 1688 2879 finxit

985 2893 1191 2946 oculum,
1217 2907 1313 2939 non
1330 2893 1632 2938 considerat?
