2050 3392
346 262 417 316 70

407 373 671 431 Accingere
690 370 852 430 gladio
874 377 959 415 tuo
979 381 1056 414 su-

349 448 436 494 per
449 434 601 479 femur
616 441 751 478 tuum
764 432 812 483 ,*
830 427 1058 488 potentis-

351 508 483 540 slme.

411 553 578 610 Specie
609 559 693 596 tua
721 557 767 594 et
801 545 1059 606 pulchritu-

352 614 463 659 dine
485 621 568 657 tua
584 610 611 634 ὓ
633 609 837 659 intende,
865 606 1060 664 prospe-

352 686 403 718 re
425 671 639 729 procede,
667 677 714 713 et
735 680 894 723 regna,

416 732 614 787 Propter
690 726 950 776 veritatem,
1013 731 1062 768 et

354 788 779 837 mansuetudinem.
830 792 878 831 et
925 783 1063 841 justi·

355 852 472 897 tiam
496 848 547 894 :⁴⁶
560 857 607 893 et
628 847 831 892 deducet
855 853 902 891 te
922 845 1064 888 mira-

353 910 510 955 biliter
529 908 724 953 dextera
745 914 841 950 tua.

414 969 629 1026 Sagittae
650 975 760 1012 tuae
780 964 959 1015 acutae,
977 961 1067 1020 po-

354 1030 454 1088 puli
477 1029 567 1073 sub
589 1036 635 1073 te
656 1023 878 1076 eademst*
892 1025 939 1068 in
961 1035 1064 1068 cor-

356 1090 422 1134 da
441 1087 740 1133 inimicorum
760 1084 898 1141 regis.

417 1148 564 1192 Sedes
593 1155 687 1197 tua,
717 1146 863 1195 Deus,
890 1143 939 1187 in
964 1154 1066 1186 sae-

358 1208 518 1253 culum
535 1206 707 1251 saeculi
725 1219 735 1249 z
750 1203 777 1227 ⁴*
795 1204 928 1259 virga
947 1202 1068 1246 dire·

358 1267 531 1313 &tionis
554 1267 685 1320 virga
706 1263 836 1319 regni
859 1262 941 1306 tui.

421 1325 638 1370 Dilexisti
644 1323 892 1382 Justitiam,
908 1328 955 1365 et
963 1319 1068 1364 odi-

361 1387 421 1432 sti
442 1384 758 1443 iniquitatem:
774 1380 801 1404 ⁴*
818 1379 1072 1438 propterea

361 1446 495 1490 unxit
529 1453 577 1490 te
619 1444 749 1487 Deus
792 1441 923 1486 Deus
961 1447 1070 1483 tuus

363 1505 470 1551 oleo
491 1502 697 1548 laetitiae
713 1513 827 1559 prae
842 1498 1073 1544 consorti-

361 1565 454 1610 bus
476 1563 580 1608 tuis.

425 1623 635 1681 Myrrha,
655 1629 701 1666 et
715 1627 864 1678 gutta,
884 1625 929 1663 et
947 1615 1075 1662 efisia

365 1698 396 1729 a
415 1681 705 1728 vestimentis
735 1681 840 1731 tuis,
868 1692 899 1723 a
919 1677 1074 1723 domi-

366 1745 457 1789 bus
486 1742 702 1787 eburneis
730 1754 740 1784 :
764 1738 790 1763 *
812 1753 868 1783 ex
900 1737 1074 1795 quibus

366 1801 715 1848 delectaverunt
725 1808 771 1844 te
780 1798 904 1843 filiae
913 1809 1075 1853 regum

369 1863 418 1907 in
438 1860 618 1905 honore
639 1868 737 1904 tuo.

428 1920 591 1965 Astitit
632 1918 795 1974 regina
833 1929 864 1959 a
899 1914 1076 1960 dextris

370 1980 465 2027 tuis
485 1981 535 2024 in
555 1977 726 2023 vestitu
757 1974 986 2021 deaurato
1014 1988 1025 2019 ι
1048 1972 1075 1996 ⁴*

370 2039 664 2086 circumdata
684 2035 918 2081 varietate.

429 2099 557 2143 Audi
579 2097 688 2148 filia,
716 2103 764 2140 et
791 2095 911 2146 vide,
939 2102 986 2139 et
1007 2094 1078 2138 in-

371 2159 498 2206 clina
512 2170 675 2202 aurem
692 2164 843 2201 tuam:
858 2153 885 2177 ⁴*
898 2162 945 2198 et
961 2154 1078 2198 obli-

373 2219 549 2264 viScere
584 2215 817 2274 populum
854 2221 1001 2264 tuum,
1031 2221 1078 2257 et

374 2281 573 2324 domu'm
595 2276 740 2333 patris
763 2274 845 2319 tui.

434 2339 497 2382 Et
526 2334 832 2392 concupiscet
864 2332 966 2375 Rex
997 2331 1079 2375 de-

374 2398 532 2444 corem
577 2404 714 2440 tuum
742 2408 752 2438 :
787 2392 814 2416 ⁴*
848 2391 1078 2449 quoniam

375 2459 475 2515 ipse
505 2463 575 2501 est
613 2455 749 2498 Dfius
786 2451 918 2495 Deus
950 2458 1074 2500 tuus,

374 2524 422 2561 et
443 2515 710 2560 adorabunt
732 2524 856 2556 eum.

437 2576 498 2619 Et
521 2574 646 2618 filiae
666 2572 782 2629 Tyri
803 2572 851 2614 in
880 2567 1083 2613 muneri-

376 2635 465 2680 bus
488 2632 515 2657 ⁴*
535 2633 719 2676 vultum
754 2638 891 2675 tuum
919 2629 1084 2685 depre-

376 2692 612 2738 cabuntur
638 2706 649 2736 :
699 2702 865 2735 omnes
915 2687 1083 2732 divites

378 2752 541 2811 plebis.

437 2810 607 2856 Omnis
642 2809 795 2865 gloria
826 2809 927 2866 eJus
960 2806 1086 2851 filiae

380 2870 526 2927 Regis
545 2869 609 2914 ab
629 2867 803 2922 intus,*
824 2868 873 2913 in
885 2867 1088 2913 fimbriis

650 247 825 302 Feria
849 243 1018 298 tertia
1043 242 1127 296 ad
1142 241 1517 296 Matutz'num.

1122 365 1277 411 anreis
1299 361 1665 410 circumamicta
1686 363 1840 407 varie-

1126 426 1319 471 tatibus.

1185 481 1499 528 Adducentur
1537 481 1661 538 Regi
1698 481 1845 538 virgi-

1130 557 1212 589 nes
1233 553 1343 601 post
1365 555 1472 587 eam
1500 554 1510 585 :
1538 540 1565 564 ⁴*
1587 541 1843 598 proximae

1130 603 1230 660 ejus
1251 602 1507 647 afferentur
1529 602 1630 644 tibi.

1188 661 1458 707 Afferentur
1478 661 1529 704 in
1566 659 1754 704 laetitia
1792 667 1844 704 et

1130 720 1420 766 exultatione
1448 733 1458 764 :
1481 718 1508 742 ⁴*
1540 719 1847 764 adducentur

1132 783 1181 826 in
1203 780 1436 837 templum
1460 779 1624 834 Regis.

1185 841 1278 885 Pro
1287 839 1503 897 patribus
1513 838 1608 882 tuis
1618 838 1721 882 nati
1731 844 1841 882 sunt

1134 901 1219 946 tibi
1251 899 1336 944 filii
1365 913 1375 943 :
1408 896 1436 920 ⁴*
1467 897 1737 942 constitues
1761 911 1845 942 eos

1134 960 1370 1018 principes
1386 970 1531 1014 super
1546 970 1746 1001 omnem
1756 964 1844 1002 ter-

1134 1033 1251 1065 ram.

1195 1078 1436 1123 Memores
1463 1083 1604 1121 erunt
1637 1075 1846 1121 nominis

1138 1139 1206 1183 tui
1227 1137 1254 1161 ⁴*
1276 1138 1325 1181 in
1365 1135 1498 1180 omni
1530 1134 1841 1192 generatione

1137 1205 1183 1243 et
1205 1194 1577 1254 generationem.

1199 1255 1457 1314 Propterea
1465 1255 1634 1312 populi
1648 1253 1845 1299 confite-

1137 1316 1315 1361 buntur
1335 1316 1422 1361 tibi
1444 1316 1492 1360 in
1513 1314 1763 1359 aeternum
1784 1328 1794 1358 :
1816 1311 1844 1336 ⁴*

1139 1384 1187 1421 et
1208 1377 1257 1421 in
1277 1375 1521 1421 saeculum
1543 1374 1738 1419 saeculi.

1215 1432 1583 1479 Asia-Eructavit
1593 1447 1679 1478 cor
1687 1445 1845 1478 meum

1141 1495 1339 1541 verbum
1361 1495 1559 1538 bonum.

1215 1554 1294 1597 An
1300 1550 1512 1609 tiphona.
1521 1552 1616 1610 Adj
1622 1551 1746 1597 utor.

1355 1643 1572 1689 Psalmus
1592 1642 1685 1689 xlv.

1312 1733 1354 1777 E
1371 1732 1418 1777 U
1438 1731 1473 1776 S
1522 1740 1690 1776 noster
1727 1729 1847 1775 refu·

1324 1793 1471 1849 gium,
1504 1799 1553 1835 et
1595 1791 1741 1835 virtus
1769 1804 1779 1835 :
1820 1787 1847 1811 ⁴*

1146 1851 1335 1909 adjutor
1366 1852 1414 1895 in
1445 1850 1842 1899 tribulati6nibu5.

1145 1924 1270 1980 quae
1322 1909 1600 1957 invenerunt
1649 1923 1738 1955 nos
1782 1908 1850 1953 ni-

1146 1984 1248 2017 mls.

1207 2030 1464 2088 Propterea
1472 2043 1569 2073 non
1580 2029 1850 2075 timebimus

1146 2091 1263 2135 dum
1286 2089 1555 2135 turbabitur
1576 2097 1702 2133 terra
1724 2102 1734 2133 :
1756 2087 1783 2110 ⁴*
1802 2094 1848 2131 et

1148 2149 1486 2194 transferentur
1501 2156 1692 2193 montes
1708 2148 1754 2192 in
1770 2158 1850 2191 cor

1147 2223 1304 2254 maris.

1207 2267 1492 2318 Sonuerunt,
1541 2274 1591 2311 et
1634 2264 1849 2310 turbatae

1148 2335 1258 2373 sunt
1272 2340 1426 2384 aquae
1440 2325 1605 2371 eorum
1615 2323 1656 2370 :⁴⁵
1665 2334 1850 2369 contur-

1150 2387 1248 2432 bati
1266 2394 1376 2431 sunt
1391 2393 1580 2430 montes
1601 2385 1650 2429 in
1669 2383 1851 2429 sortitu·

1149 2446 1260 2491 dine
1281 2446 1395 2502 ejus.

1211 2505 1439 2550 Fluminis
1462 2503 1671 2561 impetus
1693 2501 1854 2548 laetifi-

1151 2572 1228 2610 cat
1244 2563 1482 2609 civitatem
1500 2564 1590 2607 Dei
1616 2577 1626 2607 ε
1646 2562 1672 2586 ⁴*
1686 2561 1852 2608 saneti-

1151 2624 1307 2669 ficavit
1330 2622 1693 2668 tabernaculum
1715 2633 1851 2666 suum

1151 2683 1437 2729 Altissimus.

1214 2743 1357 2794 Deus,
1380 2743 1429 2787 in
1451 2739 1612 2785 medio
1628 2742 1744 2799 eJus,
1758 2751 1852 2783 non

1153 2801 1532 2849 commovebitur
1546 2814 1556 2845 :
1568 2799 1594 2823 ⁴*
1608 2798 1852 2858 adjuvabit

1153 2877 1261 2910 eam
1283 2863 1416 2907 Deus
1451 2873 1594 2906 mane
1629 2857 1849 2906 diluculo.
