2050 3392
202 277 314 330 Die
339 292 377 331 2
399 278 571 348 Sept„
598 278 658 331 S.
688 276 966 347 Stephani
985 279 1186 350 Hung.
1217 279 1369 349 Reg„
1391 278 1439 333 C
1434 279 1546 348 ons.
1575 292 1672 346 341

204 415 414 465 dextera,
471 411 680 458 resoltito
725 421 910 459 caetero

203 474 417 531 obl-pore,
483 470 755 530 incorrepta
808 486 912 530 per-

204 533 393 579 mansit.

258 593 326 648 R7.
367 590 640 637 Honestum
651 590 762 636 fecit
777 591 908 636 illum

203 651 455 701 deiuus,
474 657 523 696 et
536 650 788 695 custodivit
799 664 908 695 eum

202 712 265 757 ab
286 710 504 761 inimicis,
530 716 578 754 et
599 724 630 754 a
648 709 909 755 seducstdri·

202 770 291 815 bus
314 769 487 815 tutavit
509 769 639 813 illum
663 766 716 813 εὗ
745 768 808 813 Et
830 769 910 813 de-

203 830 273 874 dit
283 829 350 874 illi
364 827 631 873 claritatem
642 827 903 883 aetemam.

198 883 260 944 XI.
284 888 480 950 Justum
512 886 711 932 dedflxit
743 887 910 933 dei-

202 960 292 992 nus
305 959 393 1004 per
403 946 505 991 vias
520 945 743 997 redisset
752 945 909 991 osten-

201 1008 272 1062 dit
319 1006 386 1050 illi
432 1018 634 1063 regnum
671 1005 908 1051 Dei.-Et

201 1066 352 1111 dedit.

444 1152 609 1201 Leffio
632 1168 672 1197 v.

200 1235 644 1405 QRANDI
750 1239 910 1287 stt'xdio

364 1299 533 1345 nodkes
547 1313 668 1359 pene
685 1306 811 1345 totas
822 1301 911 1345 du-

290 1365 342 1404 at
384 1358 637 1411 ἰηεόῐηηεε,
683 1367 828 1417 atque
859 1360 907 1405 in

201 1418 481 1465 coelestium
513 1431 667 1464 rerum
697 1427 912 1467 contem·

200 1478 417 1537 platidne
445 1478 645 1529 defixus.
671 1478 909 1523 interdum

201 1545 340 1583 extra
358 1550 524 1582 sensus
554 1545 729 1595 raptus,
767 1536 910 1583 subli-

201 1596 296 1642 mis
318 1596 367 1641 in
386 1595 500 1641 nera
518 1596 625 1641 ferri
654 1596 782 1642 visus
803 1596 905 1642 fuit.

204 1655 477 1703 Perduellifi
518 1656 904 1715 conspiratidmeS,

200 1731 261 1763 ac
281 1715 547 1762 validdrum
578 1715 785 1762 hdstiurn
822 1716 912 1760 im-

199 1784 357 1834 petus,
384 1776 506 1820 miro
527 1788 716 1832 prorsus
744 1776 906 1827 modo,

199 1848 302 1881 non
322 1834 473 1880 semel
491 1834 718 1880 oratidnis
738 1834 912 1892 praesi-

201 1895 286 1940 dio
306 1893 513 1939 evitavit.
549 1892 833 1952 Susceptum
854 1907 912 1939 ex

201 1953 420 1999 Ghisella
472 1953 701 1999 Bavarica
751 1953 912 2008 *sancsti

204 2013 403 2057 Henrici
419 2013 716 2070 imperatdris
730 2012 905 2064 sordre,

202 2085 351 2129 quam
373 2072 461 2117 sibi
491 2071 796 2118 matrimdnio
805 2071 913 2130 jt'm-

202 2138 355 2182 xerat.
429 2131 701 2177 Emericum
759 2131 911 2176 filium

202 2198 340 2236 tanta
348 2202 537 2235 morum
545 2190 809 2248 disciplina,
818 2190 918 2236 tali-

203 2262 298 2306 que
315 2249 500 2307 pietate
510 2250 743 2301 enutrivit,
762 2263 913 2307 quan-

202 2316 310 2353 tum
355 2309 457 2366 ejus
487 2308 657 2366 pbstea
684 2309 913 2355 sand'titas

202 2368 479 2414 declarAvit.
489 2368 641 2425 Regni
651 2382 760 2413 vero
769 2367 915 2425 negd-

202 2429 272 2473 tia
297 2427 368 2472 ita
388 2427 637 2484 dispdsuit‚
663 2435 717 2472 ut
746 2426 912 2472 accitis

200 2485 419 2542 nudique
449 2486 823 2543 prudentissimis
855 2500 913 2531 ae

198 2544 518 2590 samfflssimis
537 2545 658 2597 viris.
683 2545 798 2590 nihil
827 2559 914 2590 un·

199 2618 353 2662 quam
374 2605 478 2650 sine
497 2603 685 2649 i11<5rum
714 2605 913 2650 consilio

200 2663 464 2709 moliretur.
532 2662 825 2708 Humillimis
844 2663 914 2708 in-

201 2724 344 2769 terim
365 2721 586 2781 precibus
606 2722 654 2767 in
675 2722 831 2768 cinere
864 2730 913 2768 et

198 2783 359 2828 cilicio
381 2782 543 2827 Deum
564 2781 839 2838 deprecans,
860 2789 913 2827 ut

196 2842 476 2899 universum
519 2838 798 2897 Hungariae
843 2854 916 2887 re-

193 2915 367 2962 gnum,
393 2899 658 2957 antequam
677 2911 705 2944 e
718 2899 815 2946 vita
830 2901 915 2946 mi—

972 414 1144 471 gratet,
1190 414 1479 475 catbdlicurn
1523 415 1682 460 videre

974 474 1242 520 mereretur.
1308 474 1435 519 Vere
1488 482 1684 532 propter

974 533 1140 591 ingens
1161 533 1435 579 dilatandae
1451 533 1564 579 fidei
1585 533 1684 579 sni-

974 594 1120 644 dium,
1147 592 1271 638 illius
1299 593 1455 650 gentis
1491 593 1683 651 apdsto·

974 651 1048 697 lus
1097 652 1410 709 nuncupatus,
1469 652 1598 698 faeta
1652 666 1683 698 a

974 710 1196 756 Romaim
1219 711 1448 756 Pontifice
1469 711 1574 769 ipsi,
1596 725 1682 769 po-

972 769 1200 825 sterisque
1213 770 1400 827 regibus
1416 771 1683 828 praeferen-

973 828 1066 873 dae
1085 829 1236 873 crucis
1258 831 1510 886 potestate.

1029 883 1101 940 1³7.
1132 887 1324 933 Amfivit
1364 903 1472 933 eum
1516 889 1682 936 dei·

972 960 1077 997 nus.
1103 954 1152 991 et
1165 946 1349 992 ornavit
1361 961 1472 993 eum
1487 950 1682 993 :stolam

970 1006 1151 1063 gldriae
1173 1005 1326 1051 induit
1347 1020 1470 1059 eum,
1489 1001 1513 1023 ⁴‘
1539 1008 1601 1052 Et
1618 1009 1683 1052 ad

972 1072 1136 1123 portas
1212 1066 1386 1110 aradisi
1438 1067 1682 1111 coronavit

972 1138 1098 1170 eum.
1212 1155 1219 1163 -
1248 1124 1408 1170 Induit
1421 1138 1531 1169 eum
1546 1125 1682 1170 Dfius

972 1183 1167 1229 loricam
1218 1183 1345 1236 fidei,
1400 1191 1448 1229 et
1498 1184 1682 1230 ornavit

973 1243 1226 1290 eum—Et
1247 1243 1312 1288 ad
1332 1250 1510 1301 portas.

1198 1329 1364 1378 Lefflo
1384 1332 1441 1377 vi.

975 1412 1194 1533 DEI
1216 1420 1517 1474 Genitricem,
1536 1435 1681 1479 quam

1153 1479 1479 1525 ardentissime
1492 1495 1683 1526 venera-

972 1535 1126 1591 batur,
1164 1539 1459 1597 amplissimo
1491 1540 1539 1584 in
1580 1541 1682 1598 eJus

973 1597 1206 1644 hondrem
1247 1597 1522 1644 constrndlo
1562 1606 1683 1644 tem-

974 1657 1070 1714 plo,
1110 1656 1388 1714 Hungariae
1425 1657 1710 1715 Patrdnam,

974 1715 1177 1761 instituit
1193 1731 1207 1760 t
1217 1717 1280 1761 ab
1296 1716 1465 1761 eadem
1478 1717 1683 1762 vicissim

973 1775 1172 1832 Virgine
1192 1774 1407 1832 receptus
1427 1775 1476 1819 in
1497 1776 1682 1820 coelum

975 1835 1083 1892 ipso
1149 1847 1277 1880 suae*
1328 1834 1683 1892 Assumptidnis

975 1894 1067 1946 die,
1095 1907 1238 1950 quem
1271 1892 1492 1951 Ht'mgari
1521 1907 1550 1939 e
1577 1907 1683 1939 san-

974 1953 1041 1998 <sti
1070 1953 1193 2011 regis
1221 1952 1438 1999 institnto
1469 1954 1681 2012 Magnae

977 2012 1214 2059 deinae
1254 2013 1381 2058 diem
1420 2014 1673 2071 appeliant.

976 2073 1174 2117 Sacrum
1215 2072 1314 2130 eJus
1359 2086 1531 2130 corpus
1574 2087 1678 2118 sua-

975 2131 1170 2177 vissimo
1197 2131 1410 2190 fragrans
1439 2131 1600 2184 oddre,
1627 2133 1681 2176 li-

976 2190 1125 2248 qudre
1141 2191 1329 2237 coelesti
1345 2198 1545 2243 scatens,
1560 2192 1682 2236 inter

977 2251 1130 2295 multa
1168 2258 1216 2296 et
1261 2251 1390 2296 varia
1436 2251 1675 2301 miracula.

978 2309 1184 2355 Romani
1238 2309 1479 2355 Pontificis
1524 2310 1672 2366 jussu,

975 2368 1255 2414 nobilidrem
1279 2369 1329 2413 in
1353 2368 1510 2412 locum
1533 2375 1683 2413 trans·

975 2427 1126 2473 latum
1160 2435 1244 2479 est,
1281 2434 1426 2483 atque
1461 2426 1683 2470 honorifi-

975 2485 1160 2532 centius
1222 2486 1484 2532 cdnditum.
1565 2485 1682 2542 Ejus

976 2553 1138 2591 autem
1170 2545 1343 2589 festum
1378 2544 1682 2589 Innocentius

975 2603 1257 2649 undecimus
1290 2602 1506 2648 Pdntifex
1535 2603 1682 2648 maxi-

979 2677 1084 2708 mus
1097 2669 1270 2720 quarto
1285 2661 1454 2707 Nonas
1467 2661 1682 2718 Septem-

976 2722 1086 2774 bris,
1101 2721 1166 2766 ob
1187 2719 1421 2777 insignem
1435 2720 1681 2766 vidtdriam

976 2782 1040 2827 ab
1060 2779 1266 2825 exercitu
1289 2779 1521 2836 Leopdldi
1544 2781 1681 2839 primi

979 2837 1309 2886 Romandrum
1331 2837 1464 2883 ele&
1482 2840 1683 2899 impera-

978 2899 1105 2951 toris,
1143 2905 1191 2944 et
1237 2896 1519 2956 Hungariae
1556 2899 1689 2961 regis
