2050 3392
233 282 458 336 Dome'n.
477 298 521 352 3
545 284 713 353 Sept„
744 285 866 339 Vll.
887 285 1182 341 Dolorum.
1205 290 1273 343 B.
1296 291 1381 345 M.
1415 292 1470 346 V.
1513 294 1578 360 38
1586 307 1615 362 5

206 416 411 463 Viriliter
431 417 572 476 agite,
599 426 646 464 et
663 419 848 465 confor-

148 476 267 522 tetur
289 491 372 522 cor
400 486 619 530 vestrum,
638 479 665 504 ⁴*
682 493 847 525 omnes

146 537 222 593 qui
243 536 441 596 speratis
460 538 511 583 in
534 538 753 585 Domino.

198 595 315 644 Afia.
371 597 556 643 Defecit
591 598 637 642 in
680 597 844 644 dolore

144 655 235 700 vita
275 670 394 709 mea,
438 665 485 701 et
519 657 631 701 anni
668 659 760 702 mei
795 659 841 703 in

144 715 409 771 gemitibus.

199 771 258 831 V
280 774 468 832 Regina
481 775 746 835 Martyrum
760 791 840 823 ora

139 847 223 891 pro
244 834 398 880 nobis.
447 831 510 892 R7
550 835 687 890 Quae
703 839 840 895 juxta

139 907 324 938 crucem
342 894 457 956 Jesu
478 896 742 942 constitisti.

194 965 266 1010 Ex
275 965 487 1026 Jeremia
509 966 761 1024 Propheta.

83 1024 86 1049 ἦ
174 1040 382 1088 Lec'tioi.
579 1039 751 1085 Thr-en.
773 1040 803 1086 i.

81 1212 84 1239 ‘¹
149 1220 155 1264 .'
213 1270 223 1280 ,ι
251 1202 300 1254 §-
342 1239 358 1281 .1
394 1225 631 1282 lacrymae
658 1201 765 1283 ejus·
786 1227 834 1272 in

81 1316 82 1323 ,
187 1308 191 1311 ι
224 1284 237 1292 ”
356 1305 358 1320 1
394 1285 594 1329 maxillis
682 1287 783 1343 ejus
820 1301 831 1332 z

81 1382 82 1391 ,
129 1357 224 1388 non
237 1352 322 1395 est,
344 1344 423 1400 qui
441 1344 711 1390 consoletur
724 1360 832 1391 eam

128 1416 185 1447 ex
246 1403 469 1449 omnibus
531 1405 650 1450 caris
711 1405 825 1462 ejus.

79 1476 80 1487 ¹
129 1462 307 1507 Omnes
341 1461 483 1506 amici
516 1463 617 1520 ejus
647 1465 831 1522 spreve-

126 1530 233 1566 runt
270 1535 389 1573 eam,
425 1529 471 1567 et
502 1522 615 1567 facti
646 1533 755 1570 sunt
788 1526 828 1570 ei

126 1581 312 1633 inimici.
340 1582 463 1626 Vide
479 1581 696 1636 Domine,
710 1585 830 1641 quo-

125 1641 249 1685 niam
279 1640 491 1694 tribulor,
520 1643 828 1689 conturbatus

79 1719 80 1726 ¹
124 1708 193 1746 est
223 1709 385 1746 venter
417 1715 563 1747 meus.
630 1704 829 1750 Subver-

123 1774 226 1806 sum
260 1768 334 1807 est
367 1775 450 1806 cor
485 1775 643 1807 meum
664 1763 709 1807 in
731 1778 828 1809 me-

121 1821 337 1879 metipsa,
385 1821 611 1878 quoniam
657 1825 827 1869 amari-

121 1878 283 1926 tudine
325 1880 466 1938 plena
507 1894 626 1934 sum.
694 1883 825 1929 Foris

119 1940 336 1986 interficit
369 1940 570 1998 gladius,
608 1949 657 1987 et
691 1944 822 1988 domi

117 2013 244 2045 mors
298 2000 465 2045 similis
514 2007 597 2046 est.
649 2002 825 2049 Audie-

115 2068 235 2111 runt,
274 2061 388 2117 quia
420 2060 680 2117 ingemisco
712 2076 816 2120 ego,

115 2127 160 2164 et
190 2133 289 2165 non
319 2126 404 2173 est,
444 2120 525 2177 qui
553 2122 823 2167 consoletur

114 2191 200 2225 me.

251 2279 264 2294 ‚
295 2239 506 2294 Simeon,
547 2240 616 2285 vir
644 2242 814 2299 justus,

110 2309 155 2345 et
179 2297 445 2351 timoratus,
472 2301 591 2345 dixit
620 2302 686 2346 ad
715 2302 821 2347 Ma-

107 2360 241 2412 riam,
284 2360 318 2392 «-
344 2360 501 2405 Tuam
539 2359 688 2418 ipsius
722 2362 820 2407 ani-

106 2433 236 2465 mam
259 2420 563 2477 pertransibit
585 2421 784 2478 gladius.

111 2477 176 2540 JV.
227 2480 310 2524 Ne
362 2478 539 2525 vocetis
590 2494 669 2525 me
717 2481 819 2538 pul-

104 2538 284 2590 chram,
327 2540 414 2584 sed
445 2540 671 2593 amaram,
707 2542 821 2596 quia

103 2597 429 2644 amaritudine
458 2599 595 2645 valde
626 2599 818 2657 replevit

103 2670 182 2703 me
203 2658 784 2717 Omnipotens—Tuam.

172 2731 344 2779 Lecstio
366 2731 414 2780 ii.
508 2730 555 2775 T
549 2730 681 2776 hren.
708 2730 755 2777 ii.

256 2802 334 2849 UI
380 2801 672 2860 comparabo
715 2810 762 2847 te
799 2804 820 2847 Ρ

113 2801 256 2965 ᾳ
284 2863 358 2907 vel
374 2861 450 2907 cui
464 2860 735 2907 assimilabo
752 2869 811 2914 te,

910 421 1130 479 aequabo
1143 430 1202 474 te,
1217 430 1264 469 et
1273 425 1555 471 consolabor
1568 435 1615 473 te

908 480 1041 538 virgo
1083 482 1204 527 Filia
1243 484 1396 529 Sion?
1432 486 1615 544 Magna

907 548 977 584 est
991 541 1120 587 velut
1133 556 1262 587 mare
1276 544 1497 590 contritio
1511 555 1610 592 tua:

906 599 1012 656 quis
1041 602 1304 647 medebitur
1333 605 1439 649 tui?
1475 605 1613 651 Plau-

905 660 1067 704 serunt
1108 674 1250 719 super
1299 669 1346 708 te
1393 664 1611 711 manibus

905 720 1609 781 omnestranseuntesperviam:

904 777 1218 832 sibilaverunt.
1265 789 1313 826 et
1360 784 1610 830 moverunt

902 845 1048 894 caput
1076 852 1215 884 suum
1257 854 1398 898 super
1439 844 1608 890 Filiam

894 896 1160 957 Jerusalem
1183 912 1193 943 z
1248 900 1489 947 Haeccine
1535 912 1607 949 est

901 956 1025 1007 urbs,
1055 957 1276 1011 dicentes,
1304 961 1507 1017 perfecti.
1523 964 1606 1008 de-

900 1014 1037 1067 coris,
1091 1016 1321 1073 gaudium
1363 1021 1606 1067 universae

900 1081 1050 1120 terrae
1062 1076 1083 1119 P
1093 1077 1390 1134 Aperuerunt
1405 1093 1545 1138 super
1558 1089 1604 1127 te

898 1147 952 1178 os
975 1148 1114 1179 suum
1136 1149 1301 1182 omnes
1323 1138 1497 1184 inimici
1515 1142 1601 1186 tui:

896 1193 1212 1249 sibilaverunt,
1239 1204 1285 1241 et
1314 1197 1603 1246 fremuerunt

896 1252 1129 1306 dentibus,
1158 1263 1205 1300 et
1233 1256 1449 1304 dixerunt
1473 1273 1483 1304 ;
1507 1260 1602 1305 De-

896 1312 1179 1360 vorabimus.

957 1372 1033 1432 Rl.
1054 1373 1217 1432 Surge,
1239 1383 1286 1421 et
1301 1375 1464 1435 accipe
1483 1377 1602 1424 Pue-

894 1440 1067 1483 rum‚et
1084 1434 1289 1479 Matrem
1305 1436 1473 1493 eju5,et
1489 1438 1600 1495 suge

893 1491 939 1534 in
955 1491 1234 1550 AEgyptum,
1260 1493 1287 1519 '¹‘
1308 1496 1368 1540 Et
1390 1504 1491 1542 esto
1514 1498 1576 1544 ibi

891 1562 1041 1608 usque
1066 1553 1181 1597 dum
1203 1554 1360 1599 dicam
1382 1556 1479 1601 tibi.
1532 1534 1598 1613 V.

891 1608 1072 1655 Vocavi
1116 1611 1284 1656 Filium
1333 1628 1491 1659 meum
1541 1629 1599 1660 ex

889 1668 1120 1727 AEgypto‚
1167 1679 1220 1716 ut
1267 1671 1423 1719 veniat
1471 1674 1597 1720 salus

890 1729 939 1772 in
962 1730 1251 1776 Israel.—Et
1272 1740 1374 1777 esto
1395 1734 1473 1779 ibi.

1125 1819 1294 1869 Lectio
1314 1821 1374 1869 iii.

893 1893 1184 2019 EGIT
1205 1908 1455 1965 DominuS,
1470 1924 1594 1970 quae

1050 1968 1289 2026 cogitavit,
1341 1972 1592 2030 complevit

886 2026 1153 2073 sermonem
1224 2043 1375 2082 suum,
1449 2046 1590 2090 quem

886 2087 1194 2146 praeceperat
1224 2103 1255 2134 a
1285 2090 1451 2136 diebus
1472 2093 1593 2137 anti-

884 2147 989 2203 quis
1011 2162 1021 2192 :
1045 2148 1288 2202 destruxit,
1316 2158 1362 2195 et
1384 2165 1481 2196 non
1507 2166 1589 2210 pe-

883 2206 1043 2263 percit,
1079 2216 1125 2252 et
1153 2208 1418 2255 laetificavit
1451 2225 1592 2269 super

884 2273 931 2310 te
978 2266 1235 2321 inimicum,
1281 2277 1328 2313 et
1369 2271 1589 2317 exaltavit

882 2338 1031 2371 comu
1099 2327 1306 2373 hostium
1379 2330 1583 2375 tuorum.

884 2385 1117 2431 Clamavit
1134 2400 1216 2432 cor
1231 2389 1395 2434 eorum
1412 2389 1474 2432 ad
1491 2390 1589 2434 Do-

881 2445 1063 2490 minum
1095 2460 1237 2504 super
1268 2461 1429 2492 muros
1464 2447 1588 2493 filiae

881 2504 1010 2551 Sion.
1061 2506 1230 2550 Deduc
1253 2507 1389 2563 quasi
1413 2508 1588 2552 torren-

881 2571 976 2608 tem
1005 2565 1240 2623 lacrymas
1268 2579 1353 2623 per
1372 2567 1511 2619 diem,
1539 2575 1586 2612 et

881 2623 1072 2668 notstem
1100 2638 1110 2676 ;
1132 2637 1230 2668 non
1251 2626 1336 2669 des
1376 2624 1584 2683 requiem

881 2683 964 2728 tibi
993 2697 1002 2728 ε
1037 2696 1190 2741 neque
1221 2684 1375 2729 taceat
1405 2686 1586 2743 pupilla

880 2741 1004 2788 oculi
1028 2743 1110 2788 tui.

947 2799 1023 2862 R7.
1034 2802 1133 2853 Fili,
1152 2802 1269 2860 quid
1281 2802 1431 2848 fecisti
1447 2805 1585 2851 nobis

879 2860 980 2907 sic?
1003 2861 1158 2921 *Eg0‚
1179 2869 1226 2908 et
1253 2869 1387 2921 pater
1400 2871 1539 2909 tuus:
1566 2858 1599 2887 ’κ’

105 2918 142 2963 F
194 2935 224 2967 a
257 2919 565 2985 Jerusalem?
611 2920 700 2967 Cui
740 2936 820 2968 ex·
882 2919 1114 2968 Dolentes
1141 2922 1487 2980 quaerebamus
1518 2932 1580 2971 te.

207 3109 339 3154 Pars
362 3102 409 3150 A
416 3098 701 3149 utumnalis.

1435 3107 1493 3151 17
