2050 3392
378 245 482 315 248
694 247 994 301 Domim‘ca
1017 245 1219 316 quinta
1249 242 1511 298 Odobris.

418 401 590 451 Lecstio
608 401 642 450 i.
750 407 860 465 Cap.
887 406 946 452 vi.
973 406 1018 451 d.
1367 399 1533 447 Lectio
1553 400 1598 446 ii:

490 515 508 521 ··
531 525 547 533 ..
677 497 805 542 ITU
820 498 859 541 R
894 497 1086 542 Eleaza-
1308 495 1354 539 T
1375 494 1450 539 ille
1471 493 1680 553 cogitase
1701 494 1863 552 coepit

392 549 408 605 ἷί.
520 547 601 617 ’.ξε
649 572 725 602 rus
752 571 875 601 unus
901 558 962 600 de
994 557 1086 614 pri-

396 612 480 708 1¹².ss
502 678 504 680 Ι
524 633 595 710 ,4
651 617 859 685 moribus
901 616 1087 688 Setina-

406 684 434 709 -··
498 683 606 710 -·--···«--·-’
650 689 764 727 rum,
817 689 887 719 vir
932 684 1088 720 aetate

384 737 553 792 prm-wh-
563 744 647 786 rus,
665 744 708 780 ct
721 736 852 779 vultu
866 736 1082 787 decorus,

381 796 548 850 aperto
585 808 665 838 ore
703 794 840 839 hians
881 795 1087 852 compel-

381 852 566 896 lebatur
607 867 800 898 carnem
839 854 1089 911 porcinam

381 912 686 958 manducate.
716 914 801 958 ·At
822 914 897 959 ille
917 914 1088 971 glorio-

380 970 484 1017 sissi
489 976 568 1017 ma
576 980 778 1018 mortem
788 974 939 1031 magis
947 986 1089 1031 quam

382 1032 610 1077 odibilem
670 1033 816 1078 vitam
883 1033 1089 1090 comple-

381 1091 529 1143 diens,
568 1092 830 1137 voluntatie
874 1092 1089 1149 praeibat

380 1150 447 1194 ad
463 1151 761 1209 supplicium.
797 1152 991 1196 Intuens
1006 1165 1089 1195 au-

381 1216 492 1260 tem,
514 1211 922 1267 quemadmodum
950 1224 1090 1267 opor·

381 1267 500 1313 teret
551 1270 790 1321 accedere,
890 1270 1091 1315 atienter

380 1326 632 1381 sustinens,
688 1330 841 1374 destin
875 1330 938 1374 vit
992 1343 1089 1374 non

381 1388 630 1433 admittere
681 1388 843 1434 illicita
896 1398 1091 1447 propter

380 1446 504 1492 vitae
525 1448 751 1494 amorem.
819 1448 886 1493 Hi
907 1458 1082 1502 autem,

381 1507 461 1563 qui
485 1507 720 1560 astabant,
754 1508 920 1567 iniqua
950 1510 1090 1553 mise-

381 1566 564 1612 ratione
605 1567 846 1620 commoti,
893 1577 1089 1626 propter

380 1625 629 1684 antiquam
679 1628 764 1673 viri
811 1628 1082 1680 amicitiam,

381 1685 601 1733 tollentes
623 1702 732 1733 eum
755 1688 935 1734 secreto
949 1688 1088 1746 roga-

379 1746 498 1792 bant
527 1747 678 1793 afferri
711 1762 887 1800 carnes,
915 1748 1089 1806 quibus

380 1807 505 1851 vesci
533 1808 575 1851 ei
607 1808 789 1859 licebat,
817 1816 870 1852 ut
899 1808 1089 1852 simula-

379 1865 509 1909 retur
525 1866 850 1918 manducasse,
869 1867 989 1911 sicut
1006 1881 1088 1911 rex

380 1923 692 1980 impertiverat
750 1927 812 1970 de
872 1925 1087 1970 sacrificii

380 1982 626 2029 curnibus:
658 1992 724 2037 ut,
758 1984 851 2030 hoc
887 1985 1030 2038 sacto,
1058 1999 1089 2031 a

380 2050 534 2087 morte
565 2043 869 2089 liberaretur:
902 2053 948 2090 et
979 2059 1089 2103 pro-

380 2108 487 2158 pter
495 2101 696 2147 veterem
710 2104 792 2148 viri
807 2103 1081 2158 amicitiam,

380 2160 504 2205 hanc
525 2162 573 2206 in
594 2176 653 2207 eo
668 2163 904 2209 faciebant
921 2164 1088 2210 huma-

379 2220 590 2267 nitatem.

408 2298 490 2385 ῙῨ.
551 2281 811 2340 Adaperiat
848 2282 1087 2330 Dominus

378 2353 437 2385 co
487 2350 694 2387 vestrum
715 2343 764 2386 in
785 2343 889 2401 lege
910 2358 1010 2395 sua.
1039 2352 1086 2389 et

378 2399 427 2444 in
454 2402 717 2459 praeceptis
738 2403 847 2455 suis,
874 2411 920 2448 et
942 2403 1085 2449 faciat

377 2473 546 2517 pacem
569 2462 614 2505 in
638 2461 808 2507 diebus
828 2464 991 2508 vestris
1013 2477 1062 2508 ιι

379 2519 624 2566 Concedat
645 2522 780 2566 vobis
801 2521 1014 2575 salutem,
1038 2531 1084 2568 et

377 2578 579 2626 redimat
617 2594 700 2625 vos
727 2595 758 2625 a
786 2582 937 2627 malis.

379 2637 618 2704 Exduqiat
649 2639 883 2686 Dominus
911 2603 1084 2688 oraXd-

376 2709 460 2741 nes
476 2707 664 2750 vestras,
693 2707 737 2744 et
761 2701 1083 2747 reconcilietur

377 2755 524 2806 vobis,
567 2770 654 2802 nec
691 2773 774 2804 vos
808 2759 992 2805 deserat
1036 2762 1083 2806 in

376 2810 589 2916 ἱῖῐέἰῑέοτε
620 2819 1082 2867 malo.-Concedat

1339 554 1506 599 aetatis
1526 568 1583 599 ac
1598 554 1864 599 senectutis

1154 627 1267 659 suae
1298 614 1601 658 eminentiam
1639 614 1857 669 dignam,

1153 683 1200 719 et
1213 674 1449 731 ingenitae
1460 672 1720 717 nobilitatis
1728 673 1865 716 cani-

1155 735 1280 785 tiem,
1318 742 1462 791 atque
1497 746 1527 776 a
1548 731 1699 790 puero
1737 732 1865 789 opti-

1155 807 1261 837 mae
1289 792 1657 838 conversationis
1682 791 1823 836 actus
1852 806 1863 836 :

1154 861 1201 898 et
1228 852 1493 897 secundum
1523 851 1734 903 sanotae,
1757 860 1805 896 et
1831 865 1866 895 a

1157 913 1262 957 Deo
1284 912 1504 958 conditae
1535 912 1652 969 legis
1684 912 1867 955 consti-

1155 971 1271 1023 tuta,
1285 971 1528 1029 respondit
1544 972 1652 1022 cito,
1674 971 1860 1021 dicens,

1155 1031 1390 1089 praemitti
1421 1045 1472 1075 se
1501 1031 1617 1075 velle
1644 1030 1693 1074 in
1723 1030 1869 1075 inser-

1156 1104 1286 1136 num.
1382 1090 1496 1135 Non
1544 1090 1672 1134 enim
1713 1090 1869 1135 aetati

1156 1159 1345 1196 nostrae
1358 1150 1557 1208 dignum
1572 1157 1660 1201 est,
1682 1150 1860 1207 inquit,

1156 1210 1335 1268 fingere
1363 1224 1373 1255 ε
1415 1217 1469 1254 ut
1516 1210 1649 1254 multi
1696 1210 1868 1254 adole-

1156 1270 1401 1321 scentium,
1422 1268 1703 1314 arbitrames
1721 1269 1868 1314 Elea-

1155 1343 1314 1373 zarum
1338 1328 1598 1386 nonaginta
1622 1328 1866 1373 annorum

1156 1390 1379 1434 transisse
1394 1389 1457 1433 ad
1473 1389 1619 1432 vitam
1635 1388 1775 1432 alieni
1780 1402 1867 1446 ge-

1156 1448 1337 1493 natum:
1345 1456 1392 1493 et
1400 1448 1488 1506 ipsi
1498 1456 1691 1505 propter
1702 1461 1865 1492 meam

1155 1508 1515 1559 simulationem,
1571 1515 1618 1552 et
1667 1515 1869 1565 propter

1156 1568 1397 1613 modicum
1410 1566 1729 1624 corruptibilis
1738 1568 1867 1612 vitae

1155 1635 1343 1685 tempus
1372 1626 1681 1684 decipiantur.
1709 1634 1756 1671 et
1780 1640 1870 1684 per

1156 1687 1247 1732 hoc
1263 1686 1658 1744 mAculam,atque
1672 1701 1868 1732 execra-

1155 1747 1334 1792 tionem
1347 1760 1480 1792 meae
1492 1745 1727 1791 sene-§luti
1749 1761 1870 1793 con-

1153 1807 1351 1864 quiram.
1402 1806 1530 1851 Nam
1545 1807 1632 1850 etsi
1655 1807 1704 1850 in
1726 1820 1870 1864 prae-

1155 1866 1273 1911 senti
1334 1865 1545 1924 tempore
1614 1867 1870 1923 suppliciis

1156 1925 1402 1970 hominum
1431 1925 1612 1983 eripiar,
1640 1927 1727 1970 sed
1762 1940 1870 1972 ma·

1155 1999 1270 2029 num
1291 1983 1644 2042 Omnipotentis
1674 1999 1764 2030 nec
1802 1987 1869 2031 vi-

1154 2059 1248 2095 vus.
1255 2058 1341 2089 nec
1351 2043 1605 2089 defunctus
1613 2043 1866 2102 effugiam.

1155 2102 1480 2158 Quamobrem
1530 2104 1714 2149 fortiter
1766 2107 1868 2152 vita

1154 2164 1443 2216 excedendo,
1479 2163 1726 2209 senectute
1758 2167 1868 2223 qui-

1153 2224 1261 2267 dem
1324 2224 1498 2281 dignus
1565 2225 1820 2281 apparebo
1856 2240 1867 2270 ε

1150 2283 1531 2329 adolescentibus
1576 2292 1741 2330 autem
1787 2299 1867 2331 ex-

1152 2343 1362 2401 emplum
1383 2343 1502 2388 forte
1523 2342 1812 2401 relinquam,
1826 2346 1866 2390 si

1151 2410 1374 2460 prompto
1394 2403 1569 2454 Animo,
1591 2416 1651 2448 ac
1680 2404 1868 2450 sortiter

1151 2475 1237 2518 pro
1256 2462 1542 2518 gravissimis
1569 2475 1627 2507 ac
1659 2465 1868 2509 sanetis-

1150 2521 1280 2566 simis
1293 2521 1477 2579 legibus
1491 2522 1692 2568 honesta
1708 2534 1867 2570 morte

1150 2579 1418 2639 perfungar.
1463 2581 1554 2626 His
1571 2582 1727 2634 dictis.
1747 2598 1867 2629 con-

1150 2640 1303 2745 ἑῗῑίηι
1322 2641 1387 2686 ad
1401 2641 1687 2699 supplicium
1707 2644 1868 2689 trahe-

1214 2709 1300 2746 tur.

1180 2774 1256 2864 g,
1288 2759 1673 2806 ExAudiathius
1686 2763 1866 2809 oratio·

1151 2833 1179 2864 n
1254 2827 1445 2874 vestraS,
1466 2829 1513 2865 et
1534 2823 1867 2868 reconcilietur

1151 2880 1296 2934 vobiS,
1330 2893 1417 2926 nec
1457 2894 1542 2927 vos
1581 2880 1771 2929 deserat
1814 2883 1867 2936 in
