2050 3392
605 221 780 277 Fer-ia
803 223 1006 291 quinta
1030 222 1115 275 ad
1130 222 1509 276 Matutinum.

333 232 402 286 92

329 345 547 393 Arabum
569 352 618 390 et
642 345 771 390 Saba
800 346 930 390 dona
952 345 1039 389 ad-

330 403 504 450 ducent
533 419 543 449 ε

392 463 454 507 Et
469 463 740 509 adorabunt
752 477 861 508 eum
869 476 1038 508 omnes

332 536 465 579 teges
483 532 632 567 terrae
651 537 661 567 :
679 521 706 545 ἤ
728 536 894 568 omnes
911 522 1038 567 Gen·

332 590 403 629 tes
420 582 620 626 servient
635 582 676 626 ei
693 596 703 627 :

389 641 515 696 Quia
537 640 752 685 liberabit
776 640 1035 698 patiperem

328 702 567 758 apotente
595 715 604 745 :

329 760 405 805 cui
426 772 522 804 non
544 766 644 804 erat
664 760 868 816 adjutor.

343 862 350 867 ,
391 818 557 877 Parcet
579 818 775 875 pauperi
792 826 841 862 et
855 818 985 875 inopi
996 818 1035 862 z*

328 885 377 981 ἓξ
393 877 574 980 autimas
595 877 862 935 pauperum
882 877 1037 922 salvas

378 950 447 981 cie
473 971 483 981 .

390 996 463 1040 Ex
479 994 631 1040 usuris
647 1003 694 1041 et
707 994 954 1052 iniquitate
968 994 1038 1040 re·

329 1055 478 1100 dimet
506 1055 690 1099 Animas
721 1054 887 1099 eo'rum
909 1052 971 1107 ξ*
988 1061 1036 1099 et

330 1113 607 1159 honorabile
652 1125 828 1158 nomen
869 1110 1037 1159 edrum

331 1186 492 1218 coram
521 1172 616 1217 illo.

339 1281 344 1287 ,
391 1232 454 1276 Et
477 1231 610 1282 vivet,
633 1240 681 1276 et
701 1231 892 1277 dabitur
911 1231 953 1275 ei
975 1232 1036 1275 de

330 1304 449 1336 auro
467 1290 684 1342 Arabiae,
708 1298 754 1334 et
768 1289 1038 1335 adorabunt

331 1352 391 1395 de
414 1351 518 1407 ipso
540 1363 763 1406 semper·

331 1408 610 1454 benedicent
630 1408 688 1452 ei.

393 1468 455 1512 Et
488 1468 575 1512 erit
606 1465 956 1511 firmamentum
988 1466 1038 1510 in

332 1536 457 1572 terra
485 1527 532 1570 in
563 1525 760 1570 summis
782 1524 1033 1577 mdntium.

332 1584 720 1643 superextolletur
735 1598 877 1642 super
899 1582 1042 1629 Liba-

333 1658 448 1690 num
471 1643 649 1688 fruetus
670 1645 804 1703 ejus:

333 1706 503 1753 rebunt
524 1705 586 1749 de
600 1704 790 1750 civitate
805 1704 925 1750 sicut
942 1704 1041 1749 foe-

334 1778 450 1810 num
474 1772 635 1810 terrae.

393 1824 464 1869 Sit
485 1837 660 1869 nomen
699 1825 816 1906 ejus
850 1821 1043 1868 benedi-

334 1882 494 1928 c‘tum
484 1897 532 1927 ιιι
548 1884 765 1928 saecula:

335 1943 428 1987 lem
451 1942 693 2001 permanet
715 1955 891 1987 nomen
910 1943 1028 2010 eJus.

397 2002 459 2047 Et
492 2001 830 2047 benedicentur
861 2002 909 2045 in
936 2013 1044 2085 ipso

336 2076 503 2108 omnes
555 2062 705 2107 tribus
766 2069 916 2107 terrae
952 2073 964 2104 ε

338 2136 503 2167 omnes
545 2122 722 2167 Gentes
772 2118 1046 2178 magnifica-

338 2182 456 2226 bunt
477 2194 601 2227 eum.

401 2239 685 2286 Benedictus
726 2239 865 2284 Dnus
914 2238 1047 2283 Deus

343 2301 500 2352 Israel,
528 2297 555 2323 ⁴*
577 2300 658 2356 qui
680 2298 793 2343 facit
815 2297 1048 2343 mirabilia

339 2360 501 2405 solus:

343 2452 347 2456 ·
401 2419 463 2464 Et
477 2417 735 2464 benedstffll
756 2429 931 2461 nomen
948 2429 1048 2460 ma-

337 2478 521 2538 jestatis
542 2479 643 2535 ejus
665 2478 714 2522 in
730 2473 1048 2521 aeternumt*

341 2546 388 2582 et
411 2536 664 2595 replebitur
685 2535 932 2593 majestate
947 2535 1050 2592 ejus

343 2598 499 2641 omnis
522 2604 669 2642 terra:
687 2595 784 2646 fiat,
807 2593 904 2639 fiat.

399 2660 519 2704 Asia.
551 2655 669 2701 Esto
694 2654 823 2705 mihi.
853 2653 972 2704 Dsse,
1001 2652 1049 2697 in

344 2716 503 2758 Deum
524 2713 854 2771 protee’tdrem.

628 700 656 724 ⁴*
677 699 733 744 et‘
820 713 1030 757 uperem,

786 1348 813 1374 ⁴*
835 1356 939 1393 tota
958 1348 1037 1393 die

838 1643 932 1689 *et
953 1642 1040 1688 fla-

788 1881 947 1928 *ante
962 1895 1040 1927 SO-

1280 382 1497 427 Psahuus
1521 383 1652 431 lxxii.

1248 464 1293 508 U
1309 465 1354 509 A
1372 465 1427 509 M
1478 466 1638 511 bonus
1677 466 1836 512 Israel

1269 523 1401 567 Deus
1423 522 1451 547 ³*
1473 524 1560 577 his,
1581 526 1668 582 qui
1689 525 1834 571 redto

1102 591 1213 627 sunt
1235 584 1404 627 eorde!

1164 641 1263 686 Mei
1314 650 1477 686 autem
1528 657 1655 700 pene
1699 645 1833 689 moti

1102 708 1214 745 sunt
1244 702 1432 757 pedes:
1468 701 1496 726 ³*
1525 715 1653 769 pene
1684 703 1833 749 effusi

1103 768 1214 804 sunt
1235 773 1427 816 gressus
1449 761 1558 806 mei.

1161 818 1289 873 Quia
1338 818 1486 864 zeIAvi
1535 833 1686 877 super
1734 821 1834 866 ini-

1102 876 1294 982 ἓξὲξ
1307 891 1479 936 paoem
1507 880 1831 936 pecoetdrum

1161 995 1291 1050 Quia
1325 1008 1424 1041 non
1459 1004 1531 1041 εει
1572 1011 1649 1042 res

1102 1055 1245 1099 morti
1282 1055 1447 1100 ebrum
1476 1055 1539 1100 ι’
1580 1064 1630 1101 et
1664 1056 1831 1102 firma-

1104 1113 1319 1158 mentum
1341 1114 1388 1157 in
1412 1114 1557 1172 plaga
1576 1114 1766 1161 edmm.

1167 1172 1225 1216 In
1248 1172 1411 1218 labdre
1444 1173 1700 1218 h<5minum
1726 1188 1827 1219 non

1105 1238 1215 1276 sunt
1230 1265 1241 1282 ,
1269 1229 1296 1255 ⁴*
1326 1238 1373 1275 et
1403 1245 1515 1276 cum
1544 1232 1828 1279 hominibus

1105 1303 1203 1335 non
1224 1290 1626 1346 flagellabuntur:

1167 1349 1285 1394 Ideo
1293 1348 1445 1393 tenuit
1454 1362 1539 1394 eos
1545 1350 1789 1407 superbia,
1798 1351 1827 1376 ⁴*

1105 1407 1257 1466 operti
1308 1415 1420 1452 sunt
1470 1408 1729 1465 iniquitate
1777 1419 1827 1456 et

1106 1466 1350 1524 impietate
1371 1480 1473 1512 sua.

1167 1526 1349 1571 Prddiit
1400 1526 1537 1583 quasi
1578 1540 1638 1571 ex
1679 1527 1828 1586 adipe

1106 1585 1330 1653 iniquitas
1361 1584 1527 1630 ebrum
1565 1600 1577 1630 :
1611 1584 1638 1609 ⁴*
1673 1596 1828 1633 trans-

1107 1644 1294 1690 ierunt
1282 1657 1330 1688 ιιι
1350 1642 1577 1689 αίῖέόὶιιιιι
1600 1647 1776 1691 cordis.

1168 1703 1524 1761 Cogitaverunt‚
1582 1712 1631 1749 et
1675 1705 1818 1752 locuti

1107 1772 1217 1810 sunt
1250 1762 1511 1832 nequitiam
1543 1778 1553 1807 ε
1589 1762 1617 1787 ⁴*
1650 1765 1818 1822 iniqui-

1111 1823 1256 1868 tatem
1318 1822 1367 1867 in
1426 1821 1618 1868 excelso
1675 1823 1822 1870 locuti

1109 1890 1234 1928 sunt.

1173 1940 1470 1987 Posuerunt
1457 1954 1507 1986 ιιι
1540 1941 1734 1987 coelum
1766 1955 1823 1988 os

1110 2015 1288 2047 suum:
1322 2000 1349 2024 ἤ
1384 2008 1434 2045 et
1464 2000 1630 2057 lingua
1655 2001 1823 2047 ebrum

1114 2059 1358 2105 transivit
1348 2072 1397 2103 m
1420 2067 1554 2105 terra.

1173 2120 1290 2164 Ideo
1302 2119 1604 2165 convertetur
1614 2119 1825 2177 pdpulus

1112 2191 1246 2224 meus
1259 2178 1366 2223 hic:
1385 2176 1475 2223 *et
1492 2177 1595 2223 dies
1611 2179 1768 2237 pleni'
1756 2193 1824 2224 m·-

1113 2237 1389 2284 venientur
1377 2250 1425 2282 ιιι
1445 2237 1527 2282 eis.

1173 2297 1235 2342 Et
1268 2297 1525 2342 dixerunt:
1560 2297 1823 2352 Quomodo

1113 2357 1199 2402 scit
1223 2356 1367 2407 Deus.
1387 2355 1414 2381 ⁴*
1434 2363 1481 2401 et
1513 2355 1553 2401 si
1583 2364 1657 2401 est
1677 2357 1826 2403 scien·

1114 2416 1181 2464 tia
1201 2416 1248 2461 in
1269 2415 1484 2461 excelso?

1175 2476 1300 2520 Ecce
1328 2475 1416 2532 ipsi
1452 2473 1743 2532 peccatdres„
1775 2484 1821 2522 et

1113 2534 1411 2580 abundantes
1420 2534 1467 2578 in
1476 2535 1685 2587 saeculo,
1701 2533 1730 2557 ⁴*
1740 2535 1821 2581 ob·

1118 2593 1354 2639 tinuerunt
1376 2593 1581 2638 divitias.

1177 2653 1239 2698 Et
1260 2652 1382 2696 dixi:
1407 2652 1538 2709 Ergo
1557 2653 1664 2699 sine
1679 2666 1819 2701 eausa

1112 2711 1363 2770 justificavi
1392 2724 1475 2756 cor
1505 2725 1683 2765 meum.
1721 2712 1747 2737 ¹*
1774 2721 1819 2759 et

397 2777 692 2833 Antiphonti,
714 2772 945 2820 Liberdsti
962 2771 1050 2817 vir·
1116 2772 1205 2817 lavi
1226 2771 1347 2816 inter
1362 2771 1639 2818 innocentes
1654 2784 1818 2820 manus

343 2843 472 2886 gam.

1117 2844 1287 2877 meas:
