2050 3392
208 386 373 433 laicali
409 387 650 445 professus
687 400 771 435 est.
830 390 936 435 Ma-

209 461 316 505 gna
359 448 425 493 ibi
469 447 710 495 alacritote
746 449 936 495 humilis

210 508 537 559 obedientiae,
553 514 599 553 et
612 509 839 567 reguloris
853 510 937 555 ob-

213 566 489 612 servantiae
520 568 688 626 jugum
725 569 930 622 subiens,

212 628 613 685 contemplationi
675 630 722 674 in
773 630 937 687 primis

215 686 427 738 deditus,
456 688 576 733 mira
597 687 686 734 Dei
708 688 813 735 luce
833 703 936 747 per-

214 745 525 798 fundebatur.
552 746 679 794 odeo
706 757 759 794 ut
784 750 845 794 de
867 764 935 794 re-

215 807 312 853 bus
350 807 649 860 coelestibus,
676 808 933 855 litterarum

215 881 402 927 expers,
439 866 706 913 mironduni
745 869 790 914 in
834 883 935 915 mo-

213 928 338 972 dum
370 935 416 973 et
449 927 591 986 plane
623 927 846 974 divinitus
867 929 935 975 lo-

213 987 458 1045 querotur.

290 1042 362 1100 R?-
386 1046 659 1093 Honestum
675 1047 782 1093 fecit
800 1048 929 1093 illum

215 1106 476 1158 Dominus,
495 1115 542 1152 et
556 1107 811 1152 custodivit
821 1122 932 1154 eum

214 1168 279 1211 ab
304 1165 522 1217 inimIcis,
551 1173 598 1211 et
619 1180 649 1211 a
673 1167 933 1214 seduotori-

213 1227 308 1270 bus
332 1225 503 1271 tutfivit
525 1225 689 1271 illum:
719 1225 744 1251 ’ἓ
763 1227 822 1271 Et
854 1228 933 1272 de-

215 1286 287 1330 dit
306 1285 372 1329 illi
389 1285 652 1330 claritatem
669 1286 926 1331 aeternam.

226 1341 290 1402 V.
333 1344 530 1407 Justum
584 1345 782 1390 deduxit
834 1346 932 1393 Do-

214 1404 378 1450 minus
413 1418 498 1462 per
537 1405 637 1449 vias
676 1404 843 1457 reotas.
886 1414 931 1452 et

214 1464 430 1510 ostondit
453 1464 517 1509 ini
536 1477 736 1523 regnum
760 1464 930 1510 Dei.—

218 1524 282 1569 Et
305 1524 455 1569 dedit.

473 1614 638 1662 Leotio
658 1627 699 1663 v.

368 1702 648 1750 ANARIIS
668 1705 715 1750 in
747 1705 925 1760 insulis,

399 1762 480 1808 ubi
511 1763 733 1811 fratribus
761 1765 833 1810 sui
857 1765 932 1810 or-

216 1821 346 1867 dinis
382 1823 599 1879 praefuit,
642 1824 792 1870 multa
827 1839 930 1882 per-

218 1881 404 1939 pessus.
449 1883 661 1942 martyrii
705 1892 930 1930 aestuans

218 1942 471 1995 desiderio,
519 1944 678 2000 plures
719 1943 930 1991 infideles

217 2002 367 2047 verbo
388 2009 435 2047 et
455 2004 675 2062 exomplo
702 2004 766 2048 ad
795 2004 931 2049 Chri-

216 2064 279 2109 sti
295 2062 440 2108 fidem
449 2064 692 2109 convertit.
722 2063 928 2109 Romam

217 2123 414 2171 veniens
421 2136 550 2168 anno
559 2123 768 2180 jubilaei.
785 2123 931 2168 Nico-

218 2183 299 2229 Ιέιο
318 2184 486 2240 quinto
507 2182 750 2235 Pontifice,
764 2196 930 2240 aegro-

218 2243 380 2288 torum
418 2256 560 2288 curae
603 2243 651 2287 in
691 2244 930 2288 conventu

217 2303 346 2347 Arae
390 2303 508 2348 coeli
555 2302 834 2354 destinatus,
871 2316 930 2349 eo

142 2414 147 2417 Δ
218 2361 464 2408 charitatis
518 2362 695 2408 affootu
756 2375 930 2408 munus

219 2422 314 2467 hoc
380 2422 601 2474 exercuit,
673 2429 726 2466 ut
797 2422 929 2466 Urbe

219 2481 443 2527 annonae
470 2481 633 2540 inopia
664 2481 923 2534 laborante,

218 2541 428 2598 aegrotis
486 2550 660 2594 tamen,
725 2554 927 2598 quorum

219 2600 479 2658 aliquondo
488 2600 648 2646 ulcera
655 2600 798 2646 otiam
813 2602 929 2645 lam-

218 2659 381 2706 bendo
433 2661 755 2718 abstergobat‚
812 2659 927 2704 nihil

218 2721 409 2778 ponitus
423 2720 674 2767 necessorii
687 2718 921 2765 defecerit.

222 2781 409 2826 Eximi'a
422 2794 618 2839 quoque
631 2781 751 2826 fides
763 2788 809 2824 et
823 2779 928 2837 gro-

220 2842 286 2886 tia
305 2841 608 2887 curationum
625 2841 672 2885 in
690 2853 749 2885 eo
764 2839 922 2892 eluxit,

219 2915 327 2948 cum
350 2901 603 2960 lampadis,
635 2914 756 2958 quae
784 2900 928 2945 collu-

515 250 625 306 De'e
649 269 717 323 13
742 256 914 323 Nou,
940 254 1000 308 S.
1030 254 1259 322 Diduci,
1289 255 1445 325 Confi

1612 270 1709 325 543

999 390 1139 437 cebat
1168 399 1280 437 ante
1311 390 1567 449 imoginem
1598 391 1708 437 bea-

1000 449 1212 498 tissimae
1278 452 1368 496 Dei
1437 452 1704 504 Genitricis,

998 523 1145 568 quam
1159 525 1346 558 summa
1362 511 1617 557 devotione
1632 524 1710 557 co-

1000 569 1142 624 lebat,
1182 572 1291 618 oleo
1331 584 1501 630 aegros
1572 570 1706 616 imin-

999 632 1278 689 gens,signo
1290 634 1442 677 crucis
1457 632 1701 689 impresso,

1000 691 1256 736 multorum
1289 692 1484 737 morbos
1515 691 1706 737 mirabi-

999 749 1104 796 liter
1125 752 1373 798 sanoverit.

1069 813 1137 869 RJ.
1165 811 1357 857 Amovit
1392 825 1501 857 eum
1540 811 1705 858 Domi-

998 880 1101 921 nus,
1119 878 1164 915 et
1185 870 1368 916 ornavit
1386 884 1515 917 eum:
1533 872 1704 917 stolam

997 928 1178 987 gloriae
1219 930 1373 975 induit
1412 943 1535 984 eum,
1581 932 1603 953 ἤ
1643 932 1703 977 Et

999 988 1060 1034 ad
1103 996 1271 1047 portas
1353 990 1527 1034 aradisi
1570 1004 1704 1035 coro-

997 1047 1124 1094 navit
1149 1062 1274 1093 eum.
1355 1068 1360 1078 ¹
1381 1084 1388 1094 .
1411 1050 1570 1094 Induit
1593 1063 1703 1095 eum

998 1109 1138 1153 Di'ius
1151 1108 1347 1153 loricam
1364 1108 1489 1159 fidei,
1505 1117 1551 1154 et
1566 1108 1703 1155 orno-

998 1169 1061 1213 vit
1095 1168 1346 1214 eurus-Et
1377 1168 1441 1213 ad
1471 1177 1647 1226 portas,

1240 1264 1405 1312 Leo‘tio
1428 1267 1478 1312 vi.

1006 1341 1359 1511 ᾨΕΜΠΜ
1387 1345 1627 1404 Compluti
1650 1347 1702 1391 fi-

1176 1418 1285 1450 nem
1299 1406 1387 1451 sibi
1401 1407 1522 1451 vitae
1537 1407 1703 1451 ade'sse

994 1464 1063 1509 int
1143 1474 1273 1523 gens,
1300 1465 1455 1510 locet-a
1483 1474 1530 1511 et
1562 1468 1702 1511 obso-

994 1523 1089 1570 leta
1130 1523 1325 1570 indutus
1372 1524 1540 1576 tunica,
1588 1539 1700 1571 con-

989 1582 1128 1641 jecstis
1189 1585 1237 1629 in
1288 1597 1474 1629 crucem
1534 1584 1696 1637 oculis.

994 1640 1219 1702 singultiri
1286 1643 1536 1689 devotione
1614 1644 1702 1689 illis

992 1702 1148 1749 verbis
1168 1715 1225 1749 ex
1246 1717 1381 1750 sacro
1401 1704 1579 1761 hymno
1594 1717 1701 1761 pro·

993 1762 1222 1809 nuntiatis
1259 1778 1269 1808 :
1313 1763 1464 1808 Dulce
1500 1763 1695 1821 lignum,

993 1824 1158 1868 dulces
1178 1822 1349 1874 clavos,
1375 1822 1532 1868 dulcia
1549 1823 1700 1870 ferens

992 1883 1221 1941 pondera,
1246 1895 1369 1940 quae
1396 1882 1523 1928 suisti
1554 1883 1701 1940 digna

993 1942 1182 2001 portare
1221 1943 1398 2001 Regem
1440 1943 1694 1996 coelorum,

992 2012 1039 2048 et
1059 2003 1320 2049 Dominum
1343 2002 1578 2055 :Animam
1593 2004 1699 2050 Deo

990 2062 1211 2115 reddidit,
1254 2062 1404 2121 pridie
1444 2063 1558 2109 Idus
1596 2063 1696 2110 No-

991 2122 1207 2174 vombris.
1237 2136 1364 2169 anno
1398 2123 1591 2170 Domini
1621 2137 1696 2169 su·

991 2195 1080 2240 pra
1099 2182 1351 2228 millesimi]
1380 2183 1697 2242 quadringen-

992 2241 1163 2288 tesimo
1202 2242 1497 2301 sexagesimo
1539 2243 1690 2289 tertio.

993 2302 1111 2360 Ejus
1151 2315 1326 2360 corpus
1367 2316 1475 2347 cum
1511 2316 1697 2347 menses

991 2375 1089 2406 non
1129 2375 1310 2419 paucos
1352 2360 1422 2418 (ut
1463 2362 1544 2418 pio
1584 2375 1697 2406 con-

990 2421 1238 2466 fluentium
1280 2421 1513 2465 desiderio
1558 2421 1692 2467 fieret

991 2479 1123 2535 satis)
1135 2479 1420 2538 insepultum
1430 2480 1696 2531 mansisset,

991 2541 1127 2597 quasi
1160 2540 1260 2596 jam
1297 2539 1697 2597 incorruptionem

990 2599 1207 2648 indoerin
1247 2599 1444 2644 odorem
1478 2599 1697 2644 suavissi-

991 2673 1121 2703 mum
1146 2659 1332 2704 efflavit.
1384 2658 1520 2703 Illum
1537 2659 1698 2706 multis

989 2727 1038 2764 et
1058 2717 1314 2765 illustribus
1341 2719 1576 2764 miraculis
1604 2721 1698 2766 cla-

991 2793 1097 2824 rum
1130 2778 1290 2823 Sixtus
1312 2780 1505 2837 quintus
1537 2780 1698 2826 Ponti·

991 2841 1067 2884 fex
1118 2839 1352 2884 moximus
1412 2839 1696 2888 Sanotorum

991 2898 1191 2945 numero
1211 2899 1482 2958 adscrIpsit.
