2050 3392
420 263 586 335 Infra
617 263 728 319 022.
754 262 1144 318 Dedicatiomk
1167 260 1462 317 Ecclesiae.
1544 263 1700 319 cxlix.

439 408 602 454 Lecftio
627 410 681 454 vi.

371 489 768 537 ESURREXIT
792 488 929 535 tertia

398 550 487 601 die.
516 556 563 595 et
584 550 687 606 ejus
708 562 800 594 vox
820 556 892 593 est
915 563 925 594 :

219 608 457 655 Exaltabo
478 616 538 660 te,
560 609 781 660 Demine.
808 607 926 666 qud-

215 668 348 715 niam
370 669 617 725 suscepisti
641 682 731 712 me.
757 666 925 711 Atten-

217 729 318 774 dite
339 728 626 785 Apdstolum
648 726 886 771 dicentem
911 739 922 772 ε

219 788 422 844 Propter
442 787 575 843 quod
605 799 714 830 eum
746 785 923 829 exalta-

217 846 299 891 vit.
350 846 411 889 Et
433 858 529 889 non
545 844 818 901 jucundasti
840 844 925 888 ini-

219 904 373 950 mIcos
387 917 519 949 meos
530 917 672 961 super
685 917 773 948 me.
828 903 924 960 Ipsi

217 964 417 1023 quidem
456 964 505 1008 in
549 963 722 1008 Christi
774 970 925 1008 morte

210 1022 618 1082 iucundabantun
643 1024 728 1068 sed
758 1023 807 1067 in
828 1023 929 1079 ejus

216 1081 574 1134 resurreetidne,
631 1082 917 1134 ascensidne,

218 1141 577 1202 praedicatidne
616 1142 760 1199 aliqui
797 1155 925 1187 com-

217 1201 568 1260 pungebantur.
625 1202 680 1246 In
694 1202 733 1259 ej
740 1215 797 1247 us
810 1215 924 1259 ergo

216 1261 585 1319 praedicatidne,
612 1268 660 1307 et
689 1275 774 1319 per
798 1262 927 1318 Apo-

217 1321 452 1367 stoldrum
473 1320 767 1367 constantiae
789 1321 925 1366 diffa—

218 1381 482 1427 matidnem
510 1381 656 1439 aliqui
692 1394 924 1438 compun-

216 1439 464 1498 gebantur,
504 1447 550 1485 et
587 1440 924 1486 converteban-

218 1507 297 1545 tur
324 1513 335 1544 z
367 1499 514 1557 aliqui
544 1499 917 1550 obdurabantur,

215 1566 267 1605 et
328 1558 755 1611 confundebantur,
812 1559 924 1603 nulli

217 1623 381 1664 tamen
399 1617 801 1675 jucundabantur.

275 1680 339 1725 Ra
361 1677 512 1722 Mane
524 1676 921 1733 surgensaexxxix

313 1765 361 1808 ln
399 1763 536 1808 tertio
565 1762 826 1809 N'mffturm»,

222 1835 392 1884 Led‘tio
415 1836 569 1882 saneti
595 1836 840 1894 Evangelii
856 1848 928 1881 se-

360 1894 572 1942 cundum
592 1897 792 1946 Lucam.

259 1973 423 2020 μεθεὶς)
449 1976 517 2020 vii.
654 1973 765 2032 Cap.
793 1973 884 2018 xix.

338 2048 388 2094 N
429 2049 509 2093 illo
550 2047 766 2106 tempore
792 2063 802 2094 :
849 2049 924 2093 In·

364 2109 553 2165 gressus
567 2109 709 2170 Jesus
740 2122 924 2166 peram-

218 2166 414 2213 bulabat
425 2167 630 2230 Jericho.
656 2168 718 2213 Et
734 2181 844 2213 ecce
858 2169 924 2213 vir

218 2226 411 2273 ndmine
452 2228 694 2272 Zachaeus
721 2241 733 2273 ε
769 2235 817 2272 et
850 2228 924 2272 hic

218 2286 441 2344 princeps
461 2295 561 2331 erat
592 2286 917 2344 publicamini,

220 2352 274 2449 ‹Ie-ii
291 2346 555 2449 ips-‹iidibyes
615 2346 676 2390 Et
699 2346 892 2415 reliqua.

222 2417 443 2520 &35¹2ss
457 2406 786 2522 Mfifff‘issx'
785 2419 921 2511 3231?

397 2526 500 2580 post
527 2524 650 2567 medi
654 2538 745 2568 um.

244 2587 255 2621 ζ’
284 2587 427 2652 ‘J
473 2582 484 2623 ῐ
507 2583 729 2627 veraciter
744 2583 927 2640 sapien-

377 2660 378 2663 *
407 2654 415 2659 “
453 2688 454 2691 ,
495 2650 564 2684 tes
613 2654 728 2691 esse.
785 2650 929 2699 atque

293 2740 310 2761 κ
381 2719 403 2729 ·
494 2700 930 2758 ipsamsapientiam

364 2788 369 2790 -
492 2760 800 2817 contemplari
846 2773 931 2818 ap-

223 2819 446 2878 petimus,
475 2818 646 2864 stultos
668 2832 755 2865 nos
777 2820 932 2865 humi-

223 2880 333 2927 liter
369 2876 731 2939 cognoscemus,
776 2880 933 2926 Relin-

911 412 912 415 =
998 386 1203 445 quamus
1262 385 1455 432 ndxiam
1515 385 1703 444 sapien-

998 447 1128 497 tiam,
1155 445 1396 491 discAmus
1418 445 1703 491 laudabilem

997 505 1282 552 fatuitatem.
1371 505 1500 549 Hinc
1527 506 1705 563 quippe

998 565 1227 622 scriptum
1249 570 1346 610 est:
1364 565 1524 610 Stulta
1538 564 1705 609 mundi

998 624 1139 681 elegit
1171 625 1314 675 Deus,
1357 633 1411 668 ut
1443 623 1704 669 confundat

998 684 1250 740 sapientes.
1291 683 1421 728 Hinc
1434 696 1619 727 rursum
1634 682 1706 728 di-

1000 743 1121 787 citur
1140 756 1152 788 :
1175 743 1224 787 Si
1245 744 1351 801 quis
1371 743 1557 787 videtur
1585 743 1708 787 inter

1000 815 1085 846 vos
1106 801 1293 858 sapiens
1314 815 1415 847 esse
1430 802 1479 846 in
1496 803 1588 847 hoc
1604 816 1706 847 sae·-

1001 861 1123 913 culo‚
1150 862 1321 906 stultus
1343 862 1438 911 fiat.
1465 869 1518 906 ut
1540 862 1599 907 sit
1631 861 1706 907 sa·-

1001 920 1150 976 piens.
1214 920 1341 964 Hinc
1394 920 1707 977 Evangelicae

1001 979 1224 1025 histdriae
1260 981 1402 1024 verba
1434 979 1668 1025 testantur
1694 995 1704 1025 :

1000 1039 1114 1097 quia
1143 1039 1385 1084 Zachaeus
1416 1052 1523 1083 eum
1552 1039 1709 1085 videre

1000 1112 1115 1156 prae
1137 1100 1277 1143 turba
1299 1098 1412 1142 nihil
1433 1105 1607 1155 posset.
1634 1112 1709 1155 sy-

1000 1158 1177 1204 cdmori
1216 1158 1435 1203 arborem
1476 1157 1702 1210 ascendit,

999 1225 1052 1263 ut
1076 1217 1400 1263 transeuntem
1424 1217 1585 1262 Dfium
1606 1218 1703 1263 cer-

999 1286 1145 1323 neret.
1212 1277 1502 1335 Sycdmorus
1524 1278 1704 1336 quippe

1000 1338 1117 1384 fieus
1137 1337 1272 1382 fatua
1294 1337 1479 1382 dicitur.

1048 1401 1118 1447 1³7.
1170 1398 1359 1443 Domus
1381 1409 1502 1442 mea.
1530 1396 1635 1441 cxli.

1196 1492 1360 1537 Laeuo
1386 1493 1474 1536 viii.

1140 1574 1431 1619 USILLUS
1449 1572 1612 1630 itaque
1623 1575 1702 1619 Za-

1172 1633 1348 1677 chaeus
1398 1632 1701 1688 sycdmorum

997 1689 1055 1736 su
1091 1691 1155 1745 1it,
1183 1700 1231 1737 et
1254 1691 1519 1738 deinum
1549 1691 1665 1737 vidit
1692 1708 1703 1737 :

997 1752 1113 1809 quia
1148 1753 1228 1808 qui
1260 1751 1425 1795 mundi
1454 1751 1706 1796 stultitiam

998 1811 1240 1856 humiliter
1273 1811 1466 1867 eligunt,
1494 1810 1583 1867 ipsi
1617 1810 1704 1855 Dei

997 1870 1282 1927 sapientiam
1323 1870 1559 1914 subtiliter
1591 1883 1704 1915 con-

999 1930 1301 1987 templantur.
1391 1929 1701 1974 Pusillitatem

996 2003 1204 2047 namque
1224 1997 1436 2034 nostram
1457 1990 1519 2034 ad
1543 1990 1702 2035 viden-

996 2051 1113 2094 dum
1133 2050 1393 2095 deinum
1413 2050 1549 2094 turba
1567 2063 1701 2107 prae-

997 2110 1130 2166 pedit
1158 2124 1168 2154 :
1222 2109 1335 2167 quia
1377 2108 1700 2154 infirmitatem

996 2168 1233 2213 humanae
1253 2169 1439 2220 mentis,
1467 2183 1525 2213 ne
1545 2169 1699 2214 lucem

997 2228 1204 2273 veritatis
1224 2227 1454 2280 intendat,
1482 2227 1700 2272 curarum

995 2288 1306 2333 saecularium
1340 2287 1570 2332 tumultus
1599 2300 1703 2343 pre-

997 2349 1096 2393 mit.
1144 2348 1239 2392 Sed
1277 2347 1535 2403 prudenter
1568 2346 1702 2402 syed-

996 2420 1184 2451 morum
1205 2406 1519 2455 ascendimus,
1541 2405 1578 2448 si
1597 2405 1705 2461 prd-

997 2466 1104 2510 vide
1145 2479 1267 2516 eam,
1314 2477 1438 2521 quae
1479 2464 1703 2508 divinitus

998 2524 1300 2582 praecipitur,
1315 2522 1565 2567 stultitiam
1573 2536 1705 2566 men-

998 2591 1046 2629 te
1068 2584 1296 2628 tenemus.
1362 2582 1490 2636 Quid
1508 2581 1634 2626 enim
1656 2583 1703 2626 in

997 2644 1092 2687 hoe
1129 2643 1311 2686 mundo
1333 2640 1533 2693 stultius,
1558 2654 1703 2698 quam

998 2702 1178 2746 amissa
1205 2713 1300 2745 non
1332 2713 1567 2757 quaerere,
1596 2713 1705 2757 pos-

999 2762 1129 2807 sessa
1159 2760 1451 2817 rapientibus
1478 2759 1698 2812 relaxate,

1000 2821 1181 2866 nullam
1217 2832 1305 2877 pro
1339 2818 1546 2876 acceptis
1584 2818 1706 2878 inju-

1001 2881 1081 2927 riis
1096 2879 1315 2940 injuriam
1329 2878 1539 2933 reddere,
1556 2879 1708 2925 immo

1684 3171 1919 3243 f
