2050 3392
329 246 430 313 164
781 249 889 303 Ad
910 248 958 302 C
953 247 1359 317 onffletorium.
1390 299 1396 302 .

389 365 451 423 Y.
517 372 742 418 Divinum
808 371 1035 418 auxilium
1104 372 1331 422 sequatur
1386 365 1553 415 Prima,
1600 364 1670 406 vei
1718 364 1823 406 alia

329 432 522 477 maneat
550 446 739 491 semper
762 432 1029 477 nobsscum.
1108 424 1256 474 Hora,
1293 424 1464 468 dicitur
1501 423 1549 467 in
1585 421 1674 490 ἥτις
1705 422 1826 467 ulti-

333 487 403 545 RJ.
430 493 598 538 Amen.
1105 497 1212 529 mae
1244 482 1421 534 Horae,
1449 482 1517 527 ita
1547 489 1599 527 ut
1631 482 1825 527 dicatur

392 547 578 593 Deinde
631 547 800 593 dicitur
858 553 1040 592 secreto
1106 556 1304 601 semper,
1334 543 1544 600 quand0,
1564 541 1824 587 terminata

330 612 469 658 pater
504 620 675 665 noster,
712 612 814 657 Ave
846 610 1028 664 ,Meu-ia,
1106 604 1265 661 aliqua
1295 602 1445 654 Hora.
1473 602 1823 647 discedendum

328 672 498 718 Credo,
1065 642 1072 691 Ι
1114 672 1185 710 est
1204 677 1235 709 a
1260 662 1421 709 Choro
1449 676 1458 714 ς
1483 669 1529 708 et
1551 669 1675 713 tunc,
1703 671 1822 719 post

392 726 469 770 Sic
535 726 706 771 dicitur
762 724 1040 784 Completo·
1105 721 1158 781 W
1187 730 1226 773 F
1227 728 1419 774 idelium
1435 727 1638 781 Animae,
1661 729 1708 766 et
1724 728 1822 773 Pa-

336 786 457 829 rium
482 799 567 843 per
590 799 783 833 annum.
1102 797 1172 834 ter
1187 797 1350 834 noster
1370 789 1564 834 secreto,
1593 782 1801 830 dicitur:

393 845 443 890 Si
493 854 604 902 post
662 847 1039 904 Completorium
1065 871 1070 938 Ι
1165 841 1228 901 W.
1270 848 1508 894 deinus
1549 849 1630 893 det
1672 848 1820 894 nobis

334 905 606 950 immediate
627 915 853 962 sequatur
879 907 1040 951 Matu-
1102 922 1240 953 suam
1280 922 1464 965 pacem.
1528 901 1601 962 ΙΨ.
1645 908 1711 953 Et
1749 908 1821 954 vi·

335 965 498 1017 tinum,
522 973 634 1011 tunc
657 966 728 1012 bis
746 967 931 1011 dicatur
944 968 1034 1015 Pa·
1063 946 1072 1026 ,i
1102 976 1202 1013 tam
1220 967 1476 1014 aeternam.
1544 967 1720 1014 Amen.

327 1036 397 1074 ter
426 1036 597 1083 noster,
633 1029 735 1076 Ave
776 1028 947 1083 Maria,
992 1033 1041 1070 et
1168 1020 1354 1068 Deinde
1389 1020 1636 1080 pinedid'ta
1680 1021 1823 1070 Anti-

329 1088 505 1136 Credo:
522 1084 1035 1143 quiaCompletorium,
1063 1037 1070 1139 ι
1108 1083 1283 1142 pliona,
1301 1090 1350 1129 et
1369 1082 1418 1128 in
1439 1082 1532 1128 fine
1555 1086 1818 1133 :Divinum

335 1145 466 1201 quod
479 1154 550 1189 est
565 1146 669 1190 finis
683 1145 850 1198 Officii,
871 1146 939 1191 sic
953 1154 1044 1190 ter·
1100 1146 1330 1192 auxilium
1379 1145 1572 1193 maneat
1621 1160 1819 1205 semper

335 1204 499 1248 minari
516 1205 675 1257 debet;
690 1213 737 1249 et
753 1212 864 1249 ante
882 1206 935 1249 M
939 1213 1044 1249 atu-
1102 1206 1364 1253 nobiscum.
1401 1202 1473 1259 R?-
1491 1206 1663 1252 Amen.

336 1264 486 1308 tinum
508 1264 677 1308 iterum
709 1265 935 1321 repetitur
956 1276 1044 1322 pro
1171 1263 1318 1307 Extra
1331 1262 1545 1307 Chorum
1566 1270 1734 1306 autem
1753 1263 1827 1307 di-

334 1323 568 1381 principio
603 1322 758 1370 Officii
802 1324 1044 1382 sequentis
1109 1321 1232 1368 citur
1265 1322 1318 1367 in
1355 1322 1449 1366 fine
1491 1322 1734 1372 Laudum.
1786 1323 1827 1367 si

333 1382 440 1427 diei.
1110 1390 1224 1427 tunc
1245 1382 1596 1427 terminandum
1619 1382 1680 1425 sit
1703 1382 1828 1428 Offi-

393 1441 671 1499 Antiphona
699 1442 945 1500 praedid'ta
973 1442 1044 1487 di·
1109 1442 1254 1491 cium:
1277 1442 1489 1499 alioquin
1521 1441 1566 1486 in
1596 1440 1691 1485 fine
1716 1442 1832 1487 uiti-

335 1501 456 1560 citur
495 1501 639 1545 etiam
692 1502 739 1546 in
785 1501 877 1546 fine
917 1502 1042 1546 Lau-
1110 1515 1216 1546 mae
1235 1501 1413 1546 Horae.
1439 1502 1554 1545 Post
1571 1502 1690 1545 alias
1708 1516 1833 1548 vero

335 1560 463 1611 dum,
487 1561 681 1617 quando
699 1561 1040 1606 discedendum
1112 1561 1284 1612 Horas,
1312 1562 1510 1619 quando
1539 1561 1835 1608 terminatur

335 1627 407 1665 est
428 1633 457 1665 a
480 1620 642 1665 Choro
670 1634 681 1665 :
706 1621 792 1666 sed
813 1619 851 1665 si
875 1619 1042 1666 imme·
1111 1620 1349 1673 Officium.
1401 1621 1578 1667 dicitur
1629 1628 1834 1668 tantum

335 1678 463 1727 diate
484 1688 593 1740 post
616 1680 909 1728 Matutinum
930 1682 1068 1728 sub-·
1101 1683 1241 1731 Pater
1260 1690 1446 1736 noster,
1472 1687 1675 1726 secreto.
