2050 3392
335 288 398 344 52

404 403 543 459 Quae
575 401 757 449 utilitas
786 402 834 447 in
865 401 1056 459 sAngui-

345 476 406 508 ne
427 477 547 515 meo.
564 462 591 487 ⁴*
607 464 723 507 dum
744 460 983 508 descendo
1003 461 1055 507 in

343 498 694 581 corruptidnem
712 523 732 566 Ρ

408 582 657 639 Numquid
678 578 979 626 eonfitebitur
999 580 1056 625 ti-

344 642 393 686 bi
415 641 626 699 pulvisst*
647 648 730 686 aut
755 638 1053 686 annuntiabit

345 700 590 745 veritatem
613 700 781 744 tuam?

402 760 597 804 Audivit
621 758 867 810 deinus,
896 766 943 803 et
971 759 1056 802 mi-

344 818 496 863 sertus
527 827 597 864 est
622 819 712 862 mei
735 833 745 864 :
768 818 795 843 ὓ
819 817 1058 863 deinus

345 878 501 923 fadms
521 885 593 922 est
614 878 804 934 adjutor
823 891 971 923 meus.

405 937 688 983 Convertisti
705 936 950 994 plamftum
959 950 1059 981 me-

346 1010 428 1041 um
446 997 493 1041 in
510 996 738 1053 gaudium
754 997 888 1041 mihi:
900 996 927 1021 ὓ
943 1010 1056 1041 con-

344 1056 526 1101 scidisti
568 1069 758 1101 saccum
799 1069 971 1107 meum,
1009 1061 1057 1100 et

347 1115 696 1160 circumdedisti
720 1129 797 1160 me
816 1115 1025 1161 laetitia:

411 1176 479 1219 Ut
494 1182 651 1219 cantet
667 1175 751 1219 tibi
769 1174 921 1231 gldria
929 1187 1050 1226 mea,

346 1241 394 1279 et
426 1247 522 1278 non
552 1234 849 1291 compungar
873 1247 883 1278 :
907 1233 935 1258 ⁴*
959 1233 1059 1279 Βό-

348 1294 476 1337 mine
508 1293 637 1337 Deus
659 1306 805 1344 meus,
832 1293 882 1337 in
910 1292 1058 1338 aeter-

345 1365 461 1397 num
482 1352 742 1397 confitebor
761 1351 860 1398 tibi.

413 1410 534 1454 Axia.
554 1410 767 1456 Adorate
794 1410 1057 1457 deinum

346 1471 396 1516 in
415 1470 525 1516 aula
544 1470 712 1516 saneta
730 1472 846 1528 ejus.

413 1529 534 1572 Asia.
559 1530 615 1574 In
637 1537 720 1575 tua
735 1528 933 1589 justitia.

533 1617 744 1665 Psainms
775 1632 880 1666 xxx.

389 1707 416 1807 Ι
454 1706 496 1753 N
519 1714 577 1759 te,
608 1706 826 1759 deine‚
854 1705 1051 1766 speravi,

480 1781 580 1813 non
610 1767 875 1812 confundar
905 1767 952 1812 in
981 1780 1060 1812 ae-

347 1825 533 1872 ternum
572 1842 582 1872 :
615 1825 642 1850 ⁴*
673 1828 722 1872 in
759 1826 945 1885 justitia
975 1834 1061 1871 tua

346 1885 496 1931 libera
519 1899 610 1931 me.

410 1944 593 1989 Inclina
645 1946 709 1990 ad
764 1958 842 1990 me
896 1959 1060 1991 aurem

348 2011 493 2055 tuam,
502 2001 806 2049 *accelerant
814 2004 950 2050 eruas
964 2019 1055 2050 me.

408 2063 528 2108 Esto
550 2063 663 2108 mihi
692 2064 740 2108 in
764 2064 920 2109 Deum
951 2078 1061 2121 pro-

347 2122 576 2169 tetstdrem
601 2138 610 2168 ε
632 2131 678 2168 et
700 2124 748 2168 in
769 2123 967 2168 domum
991 2137 1063 2168 re-

348 2182 515 2239 fugii‚*
528 2189 581 2227 ut
598 2183 780 2227 salvum
798 2196 874 2227 me
890 2182 1053 2228 faciaS.

409 2241 649 2297 Qudniam
671 2242 901 2287 fortitudo
933 2256 1053 2293 mea,

348 2310 396 2347 et
418 2301 651 2358 refugium
673 2315 832 2345 meum
848 2315 899 2346 es
920 2309 974 2347 tu
998 2316 1008 2347 :
1032 2300 1060 2325 ⁴*

349 2368 396 2405 et
418 2369 613 2418 propter
632 2373 807 2406 nomen
822 2368 959 2405 tuum
980 2362 1062 2405 de-

350 2419 494 2465 ddces
517 2433 606 2473 me,
632 2427 679 2465 et
700 2420 904 2465 enutries
925 2434 1016 2465 me.

413 2478 600 2524 Educes
651 2493 728 2524 me
778 2480 840 2524 de
890 2478 1063 2537 laqueo

350 2539 456 2590 hoc.
513 2552 654 2595 quem
710 2538 1062 2584 absconderunt

353 2599 467 2642 mihi
485 2613 495 2643 :
511 2598 538 2623 ⁴*
560 2597 787 2655 qudniam
809 2607 861 2642 tu
882 2611 933 2643 es
953 2611 1064 2655 pro·

352 2657 506 2702 tetstor
525 2672 673 2703 meus.

415 2715 470 2759 In
493 2730 660 2761 manus
689 2724 795 2761 tuas
823 2716 1066 2761 commen

353 2774 419 2818 do
439 2774 654 2832 spiritum
681 2789 867 2820 meum:
883 2774 911 2799 ⁴*
931 2778 1065 2821 rede-

354 2831 483 2936 mgtti
504 2847 593 2885 me,
618 2834 824 2880 deine
841 2835 973 2881 Deus
987 2849 1066 2881 ve·

351 2905 388 2936 rx
464 2905 519 2940 ιε.

626 280 800 333 Feria
822 281 1065 333 secunda
1088 278 1170 332 ad
1186 278 1560 332 Matutinum.

1179 400 1337 447 Odisti
1368 398 1674 446 observantes
1705 401 1836 446 vani-

1122 458 1293 512 tates?
1313 459 1614 518 supervacue.

1180 520 1258 577 Eg
1259 533 1290 564 0
1329 528 1490 564 autem
1531 520 1579 564 in
1620 518 1835 566 deino

1122 579 1333 637 speravi:
1357 578 1384 603 ⁴*
1405 578 1642 630 exultabo,
1671 586 1720 624 et
1741 580 1836 625 lae-

1123 638 1292 684 tabor
1281 653 1329 683 m
1352 638 1671 684 misericdrdia
1692 647 1791 684 tua.

1181 698 1422 752 Qudniam
1463 697 1708 755 respexisti
1751 699 1837 743 hu-

1122 758 1372 803 militatem
1401 771 1571 810 meam,
1590 756 1619 781 ⁴*
1639 757 1832 803 salvasti

1123 817 1184 862 de
1224 816 1582 862 necessitatibus
1621 816 1834 863 animam

1124 890 1294 923 meam.

1184 937 1229 980 N
1235 950 1289 981 ec
1334 935 1607 982 conclusisti
1657 950 1738 981 me
1786 937 1835 981 in

1124 995 1342 1042 manibus
1358 995 1562 1040 inimici:
1552 995 1608 1020 ·*
1624 995 1834 1042 statuisti

1124 1055 1170 1100 in
1179 1056 1286 1100 loco
1297 1055 1510 1113 spatidso
1524 1056 1672 1114 pedes
1680 1068 1830 1101 meos.

1185 1114 1409 1160 Miserere
1454 1115 1559 1166 mei,
1609 1113 1829 1166 deine,

1123 1173 1365 1242 qudniam·
1369 1171 1631 1218 tribulorz*
1646 1181 1836 1219 contur-

1123 1232 1263 1277 batus
1272 1240 1342 1278 est
1353 1232 1400 1277 in
1418 1233 1487 1277 ira
1500 1232 1666 1278 &culus
1682 1246 1829 1283 meus.

1122 1291 1285 1337 Anima
1300 1305 1418 1343 mm,
1441 1298 1488 1336 et
1504 1299 1667 1336 venter
1683 1304 1836 1336 meus:

1183 1351 1424 1406 Qudniam
1446 1350 1618 1396 defecit
1634 1351 1683 1395 in
1705 1351 1839 1397 ‹1016—

1125 1423 1174 1455 re
1204 1411 1301 1455 vita
1321 1424 1462 1456 mea:
1483 1408 1510 1434 ¹*
1531 1418 1580 1456 et
1600 1411 1715 1455 anni
1749 1409 1839 1455 mei

1125 1471 1173 1514 in
1193 1469 1464 1527 gemitibus,

1188 1528 1434 1574 Infirmata
1460 1535 1531 1574 est
1558 1528 1607 1573 in
1637 1541 1841 1587 pauper-

1126 1588 1225 1634 tate
1255 1589 1401 1633 virtus
1431 1601 1577 1633 moe..
1599 1586 1628 1612 ⁴*
1647 1596 1698 1634 et
1729 1601 1841 1634 ossa

1126 1661 1233 1693 mea
1253 1647 1537 1692 conturbata
1556 1654 1683 1693 sunt.

1185 1708 1337 1766 Super
1396 1721 1562 1753 omnes
1621 1707 1840 1753 inimicos

1126 1781 1259 1812 meos
1303 1766 1460 1813 fadkus
1509 1781 1616 1812 sum
1666 1767 1841 1826 opprd-

1126 1828 1282 1872 brium
1312 1835 1360 1871 et
1395 1826 1558 1872 vicinis
1594 1828 1716 1872 meis
1747 1828 1841 1872 val-

1126 1887 1188 1931 de
1209 1900 1220 1931 :
1244 1885 1271 1910 ⁴*
1293 1894 1341 1931 et
1363 1887 1506 1931 timor
1525 1887 1651 1931 notis
1673 1887 1807 1932 meis,

1185 1946 1279 2000 Qui
1322 1945 1544 1991 videbant
1579 1959 1671 1996 me,
1714 1946 1839 1992 foras

1126 2004 1348 2062 fugerunt
1375 2018 1406 2049 a
1432 2018 1511 2049 me
1532 2019 1543 2050 ε
1565 2003 1593 2028 '¹'
1614 2005 1839 2052 oblividni

1126 2065 1268 2109 datus
1289 2078 1408 2114 sum.
1437 2072 1687 2122 tamquam
1716 2064 1841 2111 mbr-

1128 2132 1236 2169 tuus
1256 2137 1287 2168 a
1307 2124 1464 2169 corde.

1189 2182 1364 2228 Faetus
1373 2197 1480 2228 sum
1489 2191 1740 2240 tamquam
1758 2196 1839 2229 vas

1128 2241 1367 2299 perditum
1390 2256 1400 2287 ε
1431 2240 1458 2266 ¹*
1490 2242 1728 2299 qudniam-
1758 2257 1839 2288 au-

1128 2301 1222 2346 divi
1273 2301 1667 2359 vituperatidnem
1714 2303 1835 2347 mul-

1130 2361 1287 2406 tdrum
1333 2360 1737 2407 commorantium
1792 2362 1841 2407 in

1129 2420 1341 2466 circuitu.

1192 2480 1247 2524 In
1283 2493 1342 2524 eo
1386 2481 1501 2525 dum
1532 2480 1842 2526 convenirent

1129 2539 1269 2584 simul
1285 2539 1536 2585 adversum
1553 2553 1643 2591 me,
1673 2539 1702 2564 ⁴*
1720 2539 1843 2585 acci-

1129 2612 1241 2655 pere
1268 2598 1479 2644 Animam
1509 2612 1668 2644 mmm
1689 2600 1844 2645 consi·

1129 2657 1227 2702 liati
1248 2667 1375 2704 sunt.

1191 2717 1298 2773 Ego
1319 2726 1479 2762 autem
1501 2717 1549 2761 in
1569 2724 1619 2762 te
1641 2716 1837 2776 speravi.

1132 2776 1340 2822 deine
1354 2776 1402 2821 z*
1418 2777 1511 2821 dixi
1530 2791 1540 2821 :
1560 2777 1694 2822 Deus
1711 2790 1845 2821 meus

1129 2849 1181 2880 es
1213 2843 1264 2880 tu
1287 2849 1297 2879 :
1321 2837 1367 2881 in
1388 2835 1608 2881 manibus
1630 2837 1727 2882 tuis
1747 2849 1844 2883 sor-

1131 2903 1201 2942 tes
1218 2909 1364 2942 meae.
