2050 3392
153 2957 162 3018 l

283 388 585 435 Desidet-ium
627 388 784 433 cordis
824 388 927 447 eius

216 449 430 498 tribuisti
461 449 502 493 ei
532 462 543 493 ε
566 446 594 472 4*
614 455 662 492 et
684 448 927 494 voluntate

217 508 457 554 labiorum
469 509 571 567 ejus
584 521 682 552 non
694 507 925 553 fraudasti

219 582 349 614 eum.

278 626 928 684 Quoniampraevenistieum

218 688 274 734 in
309 686 721 732 benedictionibus
764 686 923 732 dulce·

218 747 380 793 dinis:
405 744 433 769 4*
461 746 665 804 posuisti
693 746 742 791 in
773 746 929 803 capite

218 808 265 865 ej
270 820 326 852 us
338 805 564 853 coronam
579 807 639 851 de
654 805 814 864 laipide
827 819 930 863 pre·

219 865 364 913 tioso.
387 867 391 871 ⁴

282 925 443 971 Vitam

220 985 430 1032 tribuisti
482 985 524 1030 ei
580 984 928 1043 longitudinem

219 1045 407 1092 dierum
439 1044 486 1089 in
517 1046 773 1096 saeculum,
801 1052 848 1090 et
880 1044 929 1088 in

219 1106 465 1152 saeculum
487 1104 674 1150 saeculi.

286 1165 469 1222 Magna
489 1172 561 1209 est
581 1163 734 1246 gloria
756 1164 860 1222 ejus
879 1164 928 1208 in

220 1224 418 1271 salutari
450 1231 535 1269 tuo
560 1237 570 1268 :
642 1222 843 1281 gloriam
880 1231 928 1269 et

221 1297 453 1342 magnum
470 1283 690 1330 decorem
708 1282 928 1341 impones

220 1357 367 1402 super
386 1357 507 1388 eum.

282 1402 525 1459 Quoniam
556 1402 695 1448 dabis
735 1416 845 1448 eum
876 1403 927 1448 in

219 1462 605 1510 benedictionem
621 1462 671 1507 in
684 1462 927 1508 saeculum

220 1522 398 1569 saeculi
419 1537 429 1566 z
451 1520 479 1545 4*
510 1520 788 1567 laetificabis
818 1536 929 1568 eum

220 1583 273 1628 in
327 1581 473 1627 Audio
494 1595 603 1626 cum
624 1581 760 1627 vultu
779 1589 879 1627 tuo,
920 1580 925 1586 “

334 1641 526 1688 uoniam
556 1654 637 1686 rex
680 1648 838 1700 sperat
881 1641 930 1686 in

222 1702 439 1748 deino
471 1715 481 1746 z
514 1699 542 1725 4*
573 1709 619 1746 et
661 1702 710 1746 in
752 1702 931 1747 miseri-

222 1761 389 1808 cordia
418 1761 651 1806 Altissimi
683 1774 780 1805 non
803 1774 934 1806 corn-

221 1820 504 1867 movebitur.

287 1879 561 1925 Inveniatur
620 1893 793 1925 manus
849 1886 935 1926 tua

219 1940 445 1987 omnibus
456 1939 658 1984 inimicis
675 1941 792 1985 tuis:
811 1940 839 1965 4*
855 1940 937 1986 ἀέ-

219 2006 358 2046 xtera
392 2006 476 2044 tua
510 1998 718 2044 inveniat
749 2012 930 2052 ornnes,

220 2059 306 2118 qui
329 2065 376 2104 te
405 2058 622 2104 oderunt.

287 2118 442 2163 Pones
484 2131 566 2163 eos
603 2125 655 2163 ut
688 2118 933 2164 clibanum

218 2179 348 2237 ignis
398 2178 447 2223 in
499 2178 715 2236 tempore
774 2179 934 2223 vultus

221 2239 294 2285 tui
324 2236 385 2284 ;4*
408 2237 644 2283 Dominus
674 2238 722 2282 in
751 2238 821 2283 ira
849 2251 937 2283 sua

221 2297 530 2344 conturbabit
551 2310 648 2349 eos.
670 2305 718 2343 et
739 2297 936 2343 devora·

222 2358 297 2404 bit
317 2370 400 2402 eos
421 2356 559 2414 ignis.

288 2416 516 2462 Fruc‘tum
536 2416 701 2462 eorum
730 2417 792 2461 de
813 2424 937 2461 terra

221 2477 396 2538 perdes
424 2490 434 2521 :
458 2474 486 2499 4*
506 2483 554 2521 et
577 2489 738 2520 semen
768 2476 935 2521 eorum

222 2552 256 2584 a
276 2536 391 2582 filiis
412 2535 675 2582 hominum.

288 2595 531 2652 Quoniam
580 2594 934 2640 declinaverunt

223 2654 276 2704 in
300 2663 347 2701 te
368 2655 496 2700 mala
524 2668 536 2699 ε
557 2652 585 2677 4*
606 2653 934 2711 cogitaverunt

222 2715 440 2768 consilia,
478 2727 603 2772 quae
639 2727 735 2758 non
768 2712 935 2771 potue-

225 2783 339 2823 runt
359 2773 584 2820 stabilire.

235 2839 239 2843 *
286 2834 532 2892 Quoniam
552 2844 705 2891 pones
720 2844 804 2877 eos
826 2832 936 2876 dor-

217 2893 381 2944 ¹sum-t
404 2892 432 2919 4*
472 2893 523 2939 in
573 2891 785 2949 reliquiis
837 2891 934 2935 tuis

474 924 609 984 petiit
640 939 671 970 a
701 932 748 970 te
782 938 791 969 ε
825 923 853 948 4*
883 930 929 969 et

509 265 811 320 Commune
837 265 1076 337 Confiss.
1105 283 1217 320 non
1240 267 1459 338 Pontis.
1606 266 1707 322 xci.

1001 388 1308 447 praeparabis
1324 389 1505 434 vultum
1521 388 1699 437 eorum.

1061 448 1295 500 Exaltare,
1318 449 1538 501 Domine,
1557 451 1603 493 in
1618 449 1705 493 vir·

1001 507 1103 552 tute
1123 515 1237 552 tua:
1263 506 1291 531 4*
1324 508 1622 553 cantabimus
1654 515 1703 554 et

1001 568 1256 625 psallemus
1278 567 1473 613 virtutes
1496 576 1615 614 tuas,

1046 621 1166 665 Αῆὲῑ-
1217 628 1379 672 Vitam
1411 628 1545 686 petiit
1577 642 1608 673 a
1635 636 1696 682 te,

1001 694 1047 731 et
1066 687 1269 732 tribuisti
1287 688 1343 738 ei.
1361 688 1467 732 Dfie
1481 688 1703 746 :gloriam

1000 754 1048 791 et
1071 760 1296 804 magnum
1315 747 1533 793 decorem
1551 748 1704 806 impo-

1002 806 1137 852 suisti
1160 821 1301 865 super
1330 821 1439 852 eum
1468 823 1477 852 ε
1500 807 1702 866 posuisti

1001 866 1049 910 in
1071 866 1225 924 capite
1253 868 1354 925 eJus
1386 867 1609 914 coronam
1641 868 1703 912 de

1001 925 1160 988 litpigie
1181 927 1403 984 pretioso,

1048 978 1167 1021 ΑΜ·
1207 976 1537 1044 Hicaccipiet*
1557 987 1700 1032 bene-

1000 1045 1261 1091 dictionem
1306 1059 1336 1091 a
1382 1046 1605 1097 Domino.
1651 1053 1697 1092 et

1003 1105 1376 1151 misericordiam
1398 1120 1427 1150 a
1448 1106 1554 1151 Deo
1578 1106 1702 1152 salu-

1003 1164 1092 1210 tari
1138 1178 1226 1210 suo
1268 1180 1278 1211 ε
1322 1166 1435 1224 quia
1475 1166 1592 1211 haec
1631 1171 1703 1210 est

1001 1225 1248 1295 generatio
1264 1226 1590 1283 quaerentium
1606 1224 1706 1271 Do-

1002 1297 1202 1332 minum.

1169 1369 1381 1415 Psahnus
1404 1368 1525 1415 xxiii.

1158 1461 1370 1510 OMINI
1392 1470 1463 1509 est
1495 1471 1633 1517 terra,
1664 1469 1713 1510 et

1186 1521 1435 1580 plenitudo
1457 1524 1569 1581 ejus,
1591 1521 1618 1547 4*
1639 1536 1713 1568 or-

1005 1577 1080 1627 bis
1092 1581 1338 1633 terratum.
1352 1589 1400 1626 et
1413 1581 1613 1628 universi
1627 1581 1710 1639 qui

1006 1640 1226 1686 habitant
1250 1640 1298 1685 in
1319 1654 1390 1686 eo.

1065 1701 1193 1758 Quia
1234 1701 1337 1760 ipse
1376 1714 1518 1784 super
1560 1701 1711 1747 matia

1005 1759 1223 1806 fundavit
1264 1774 1374 1806 eum
1401 1775 1414 1808 :
1485 1770 1532 1807 et
1569 1774 1711 1819 super

1005 1820 1205 1866 flumina
1225 1819 1523 1879 praeparavit
1543 1834 1668 1866 eum.

1065 1880 1188 1936 Quis
1200 1880 1423 1926 ascendet
1439 1881 1486 1925 in
1496 1888 1710 1926 montem

1007 1940 1240 1986 Domini?
1261 1940 1288 1964 4*
1310 1948 1393 1985 aut
1425 1940 1531 1998 quis
1561 1939 1708 1986 stabit

1005 2000 1054 2044 in
1075 2000 1183 2046 loeo
1205 1999 1373 2045 sancto
1395 2000 1534 2058 ejus?

1067 2059 1302 2105 Innocens
1363 2060 1596 2114 manibus,
1662 2068 1709 2105 et

1006 2120 1187 2165 mundo
1209 2118 1401 2173 corde,*
1417 2120 1614 2178 quinon
1634 2132 1712 2164 ac-

1005 2179 1187 2237 cepitin
1197 2193 1320 2224 vano
1332 2179 1545 2225 animam
1553 2191 1704 2230 suam,

1005 2252 1094 2283 nec
1121 2238 1293 2297 Juravit
1324 2239 1372 2284 in
1404 2239 1517 2285 dolo
1552 2237 1711 2296 proxi-

1006 2311 1087 2343 mo
1110 2311 1212 2344 suo.

1068 2357 1164 2402 Hic
1193 2357 1397 2415 accipiet
1418 2354 1703 2402 benedictio*

1005 2429 1115 2461 nem
1131 2430 1162 2460 a
1179 2417 1291 2461 Dno
1315 2430 1325 2461 2
1344 2415 1371 2439 4*
1388 2425 1434 2461 et
1453 2414 1706 2461 misericor-

1005 2476 1135 2520 diam
1158 2488 1188 2520 a
1210 2476 1316 2520 Deo
1337 2473 1532 2519 salutati
1555 2488 1655 2519 suo.

1068 2535 1204 2580 Haec
1221 2542 1291 2579 est
1308 2533 1552 2591 generatio
1568 2547 1713 2591 quae-

1005 2594 1208 2639 rentium
1218 2606 1340 2643 eum,
1350 2591 1377 2616 4*
1386 2592 1714 2650 quaerentium

1006 2653 1176 2699 faciem
1200 2652 1472 2715 DeiJacob.

1063 2712 1283 2758 Attollite
1322 2719 1500 2770 portas,
1543 2711 1714 2769 princi-

1005 2785 1104 2830 pes,
1144 2779 1337 2822 vestras.
1374 2778 1423 2816 et
1467 2769 1713 2816 elevamini

1007 2839 1176 2890 portae
1204 2829 1467 2876 aeternales
1494 2843 1506 2876 τ
1529 2828 1557 2853 4*
1577 2836 1624 2874 et
1646 2829 1716 2873 in-

1006 2891 1169 2936 troibit
1195 2890 1294 2934 Rex
1316 2889 1507 2947 gloriae.
