2050 3392
335 309 437 365 292

331 439 381 476 et
450 430 659 489 puellam
727 428 1044 475 vendiderunt

332 505 422 549 pro
443 493 552 536 vino
573 499 626 536 ut
647 490 877 535 biberent.

399 543 470 602 RV·
506 550 740 595 Indicabo
763 549 848 595 tibi
869 549 1034 600 homo.

332 611 451 668 quid
480 612 540 655 sit
571 611 778 655 bonurn:
809 617 891 655 aut
926 610 1048 681 quit}k

334 670 571 716 deinus
605 669 814 726 requirat
846 683 878 713 a
910 676 958 713 te
982 683 992 714 :

334 730 510 775 FaCere
546 729 781 787 judicium
823 736 871 773 et
909 727 1045 786 justi-

335 790 463 842 tiam,
480 796 524 834 et
534 788 790 834 sollicitum
800 788 1045 832 ambulasstre

333 863 442 893 cum
465 849 573 893 Deo
604 856 701 893 tuo.
738 835 800 893 V·
825 848 975 905 Spera
996 846 1046 891 in

335 908 461 959 Dno,
488 917 537 953 et
573 909 649 952 fac
684 907 961 959 bonitatem,
997 914 1045 951 et

333 968 549 1013 inhabita
570 966 1014 1013 terram.—Fa0ere.

579 1047 746 1096 Lectio
761 1048 808 1095 ii.

481 1143 684 1188 ERUM
706 1143 825 1201 quid
854 1143 970 1187 mihi
999 1150 1047 1187 et

490 1203 798 1261 vobisTyrus,
814 1211 863 1247 et
872 1203 1040 1252 Sidon,

334 1268 382 1305 et
404 1262 559 1306 omnis
576 1262 804 1306 terminus
824 1261 1048 1307 Palaesti-

336 1320 539 1365 ndrum?
560 1320 793 1378 numquid
817 1321 1047 1366 ultidnem

335 1393 421 1424 vos
442 1380 651 1425 reddetis
679 1380 829 1424 mihi?
849 1388 895 1425 et
918 1381 956 1425 si
979 1381 1049 1425 ul-

336 1439 566 1484 ciscimini
607 1453 693 1485 vos
742 1448 912 1486 contra
950 1454 1043 1494 me,

336 1498 433 1543 cito
453 1498 674 1544 veldciter
695 1500 894 1545 reddam
916 1500 1050 1545 vicis·

336 1557 592 1603 situdinem
602 1559 738 1603 vobis
752 1572 895 1617 super
903 1568 1048 1617 caput

337 1626 558 1664 vestrum.
622 1619 890 1676 Argentum
922 1619 1049 1664 enim

334 1690 510 1732 meum,
538 1686 585 1724 et
606 1692 775 1725 aurum
791 1679 980 1726 tulistis:
1003 1688 1050 1725 et

338 1739 673 1785 desiderabilia
704 1754 824 1793 mea,
865 1748 911 1785 et
945 1740 1050 1798 pul—

337 1798 573 1844 cherrima
601 1800 827 1845 intulistis
848 1800 895 1844 in
918 1799 1051 1845 delu-

336 1859 425 1903 bra
445 1867 613 1906 vestra.
680 1860 743 1904 Et
757 1859 883 1904 filios
898 1860 1043 1921 juda,

337 1926 387 1963 et
426 1918 553 1963 filios
586 1917 853 1980 Jerusalem
889 1920 1051 1965 vendi-

337 1978 476 2023 distis
508 1977 617 2022 siliis
651 1977 957 2031 Graecdrum,
998 1987 1050 2023 ut

335 2037 481 2094 longe
501 2037 718 2082 faceretis
749 2051 833 2082 eos
864 2039 925 2083 de
945 2038 1052 2083 fini-

335 2097 427 2141 bus
448 2097 561 2142 suis.
595 2098 721 2143 Ecce
742 2112 834 2156 ego
854 2098 1051 2143 suscita-

335 2157 403 2202 bo
423 2170 507 2201 eos
528 2158 589 2202 de
609 2157 733 2210 loco,
760 2159 808 2202 in
827 2172 924 2216 quo
940 2172 1051 2203 ven-

338 2215 528 2262 didistis
548 2230 633 2262 eos
656 2233 666 2263 ε
695 2225 745 2263 et
774 2217 1051 2262 convertam

339 2277 696 2323 retributidnem
745 2284 951 2322 vestram
1000 2278 1048 2322 in

338 2345 486 2396 caput
506 2346 729 2382 vestrum.

418 2394 774 2455 R⁷·Angt¹1stiae'
794 2396 909 2441 mihi
938 2405 1049 2442 sunt

338 2453 566 2514 undique,
613 2464 662 2501 et
702 2457 820 2513 quid
875 2456 1048 2513 eligam

340 2516 546 2574 igmsro:
575 2507 604 2533 '²‘
630 2516 805 2561 Melius
838 2523 909 2560 est
932 2516 1047 2561 mihi

338 2576 548 2622 incidere
588 2576 637 2621 in
678 2589 848 2620 manus
897 2575 1050 2620 homi-

340 2649 469 2689 num,
525 2650 669 2694 quam
725 2634 1050 2699 degelinquere

339 2695 494 2752 legem
511 2696 601 2740 Dei
616 2694 722 2739 mei.
781 2684 845 2745 Υ·
856 2694 906 2739 Si
920 2695 1047 2739 enim

340 2753 435 2797 boc
458 2755 613 2809 egero,
646 2767 774 2799 mors
800 2753 914 2798 mihi
944 2762 1014 2799 est
1038 2769 1047 2799 :

342 2811 381 2854 si
422 2820 583 2856 autem
617 2827 716 2858 non
755 2813 911 2871 egero,
951 2827 1049 2859 non

341 2868 568 2925 effugiam
597 2885 767 2919 manus
794 2880 1051 2920 vestras».—

342 2926 514 2972 Melius
534 2937 617 2975 est.

545 293 733 365 Infra
759 292 937 347 Heba'.
965 297 1230 361 quartam
1253 290 1604 345 Novembrzlr.

1347 415 1513 464 Lectio
1535 417 1594 463 iii.

1119 482 1306 603 ΗΓΓ
1338 494 1543 539 vendam
1582 492 1711 540 filios
1747 510 1833 541 ve-

1288 562 1411 600 stros
1432 562 1478 599 et
1498 554 1622 599 filias
1643 561 1835 601 vestras

1110 613 1160 659 in
1189 613 1410 659 mauibus
1443 613 1648 659 filidrum
1670 614 1825 676 Juda,

1112 673 1525 719 etvenumdabunt
1534 674 1832 719 eosSabaeis

1111 734 1241 792 genti
1259 732 1563 791 longinquae,
1585 734 1701 790 quia
1723 734 1830 780 136-

1113 792 1556 838 minusloctitusoet.
1607 793 1832 839 Clamate

1113 854 1205 897 hoc
1240 854 1290 897 in
1327 852 1575 905 Gentibus,
1615 853 1829 898 sanctifi-

1112 914 1218 958 cate
1258 912 1448 963 bellum,
1489 912 1718 958 suscitate
1748 927 1829 958 ro-

1112 971 1278 1017 bustos
1309 984 1318 1014 :
1355 971 1600 1025 accedant,
1657 973 1829 1018 ascen-

1112 1034 1230 1077 dant
1258 1045 1426 1076 omnes
1445 1031 1529 1075 viri
1551 1031 1823 1078 bellatdres.

1114 1091 1367 1137 Concidite
1401 1090 1559 1135 aratra
1591 1100 1746 1136 vestra
1775 1092 1828 1137 in

1113 1151 1313 1208 gladios,
1352 1158 1400 1195 et
1431 1150 1616 1207 ligdnes
1643 1159 1830 1198 vestros

1113 1211 1377 1256 inlanceas.
1435 1209 1658 1255 Infirmus
1671 1212 1828 1257 dicat:

1115 1271 1241 1325 Quia
1255 1269 1393 1315 fortis
1406 1284 1630 1327 egosum.
1656 1270 1830 1317 Erum-

1116 1331 1214 1387 pite
1227 1337 1273 1374 et
1287 1330 1443 1375 venite
1456 1344 1625 1375 omnes
1642 1330 1829 1377 Gentes

1117 1391 1178 1434 de
1218 1388 1428 1442 circuitu,
1465 1397 1513 1434 et
1562 1391 1830 1448 congrega-

1117 1450 1230 1494 mini
1255 1464 1264 1493 :
1307 1450 1370 1494 ibi
1422 1448 1706 1494 occumbere
1755 1450 1829 1497 fa-

1117 1510 1207 1553 ciet
1218 1509 1456 1554 deinus
1462 1508 1683 1554 robustos
1696 1518 1824 1557 tuos.

1119 1567 1437 1625 Consurgant,
1480 1576 1528 1613 et
1560 1568 1830 1616 ascendant

1118 1629 1297 1673 Gentes
1311 1629 1358 1672 in
1374 1628 1544 1673 vallem
1561 1628 1829 1691 staphat:

1117 1688 1231 1746 quia
1250 1687 1314 1733 ibi
1347 1688 1526 1734 sedebo
1547 1696 1599 1734 ut
1615 1687 1831 1747 judicem

1118 1762 1284 1794 omnes
1305 1749 1485 1794 Gentes
1505 1749 1555 1793 in
1574 1749 1794 1797 circuitu.

1184 1804 1259 1865 R?-
1272 1809 1406 1853 Misit
1429 1809 1567 1854 Dfius
1582 1808 1840 1867 Angelum'

1118 1882 1270 1922 suum,
1298 1876 1346 1913 et
1367 1867 1601 1914 conclusit
1621 1883 1710 1914 ora
1729 1870 1834 1918 led-

1117 1942 1233 1972 num
1253 1941 1263 1973 ;
1292 1924 1315 1947 ⁴*
1329 1929 1392 1973 Et
1414 1942 1510 1973 non
1531 1930 1835 1977 contamina-

1117 1988 1282 2033 verunt
1299 1988 1439 2046 :quia
1451 2002 1613 2033 coram
1631 2002 1693 2034 eo
1708 1991 1833 2049 inju-

1119 2047 1249 2093 stitia
1262 2048 1452 2093 inventa
1465 2062 1562 2092 non
1577 2056 1649 2094 est
1665 2050 1715 2094 in
1731 2063 1826 2097 me.

1127 2100 1335 2161 VMisit
1353 2108 1485 2153 Deus
1502 2108 1833 2156 misericdrdifi

1123 2181 1275 2221 suam,
1302 2174 1350 2212 et
1380 2167 1626 2212 veritatem
1655 2182 1794 2214 suam
1818 2184 1829 2215 :

1122 2226 1337 2272 animam
1371 2240 1527 2271 meam
1558 2228 1732 2286 eripuit
1769 2230 1832 2276 de

1124 2287 1286 2332 medio
1308 2287 1526 2332 catuldrt‘x
1547 2287 1832 2335 lednum.—

1126 2347 1200 2393 Et.
1268 2343 1424 2392 (idria
1447 2346 1589 2392 Patri.
1648 2347 1729 2395 Et.

1217 2478 1417 2522 FERIA
1446 2476 1735 2533 QUINTA.

1162 2550 1334 2609 Incipit
1354 2550 1504 2595 Amos
1527 2549 1785 2613 Propheta.

1244 2613 1410 2661 Letstio
1430 2613 1460 2660 i.
1535 2621 1649 2680 Cap.
1674 2622 1705 2668 i.

1350 2691 1529 2737 ERBA
1548 2693 1717 2744 Amos,
1745 2695 1829 2753 qui

1217 2756 1259 2807 ’γ
1302 2746 1320 2804 ξ’
1378 2751 1468 2796 fuit
1486 2752 1533 2796 in
1550 2752 1832 2810 pastdribus

1318 2821 1320 2824 ·
1377 2811 1440 2856 de
1455 2811 1653 2857 Thecue
1673 2827 1683 2856 :
1703 2827 1831 2871 quae

1139 2871 1147 2882 '
1170 2872 1183 2884 ²
1287 2897 1338 2916 ..A
1379 2870 1496 2915 vidit
1515 2884 1662 2929 super
1682 2873 1826 2919 Israel

1114 2932 1164 2977 in
1186 2930 1355 2978 diebus
1374 2928 1518 2976 Oziae
1538 2930 1664 2989 regis
1672 2932 1824 2996 Juda,
1918 2946 1923 2963 ¹

1917 2574 1924 2821 Ι

1644 3014 1923 3052 -ὴ-.ᾼ
