2050 3392
187 279 294 332 Die
305 291 376 349 17
392 280 543 349 Sept.
548 319 564 346 ,
579 278 754 349 Impr.
777 279 829 332 S
825 278 984 350 ttjgm.
1002 280 1065 332 S.
1082 279 1144 332 F
1136 280 1395 347 rancisci,
1415 280 1473 333 C.
1514 294 1617 348 399

155 414 357 460 decarne
369 423 416 460 et
430 421 573 460 metet
587 414 847 472 corruptio·

153 487 258 519 nem
290 490 300 520 ε
332 476 413 533 qui
451 483 610 520 autem
646 475 846 535 seminat

149 534 198 578 in
218 534 392 592 spiritu,
423 535 484 579 de
508 535 673 592 spiritu
701 542 846 580 metet

149 594 288 639 vitam
322 593 578 639 aeternam.
662 595 847 639 Bonum

151 662 301 698 autem
332 654 568 705 facientes,
606 667 703 698 non
734 654 847 699 defi-

150 713 323 759 ciamus
345 728 355 759 :
378 714 592 770 tompore
608 715 733 758 enim
759 727 847 759 suo

151 774 385 826 metemus,
428 786 525 818 non
558 774 839 819 deficientes.

151 834 276 890 Ergo
319 835 434 878 dum
475 839 663 891 tempus
703 832 847 878 habo-

148 907 263 944 mus,
296 893 546 951 operemur
571 894 751 938 bonum
781 893 847 938 ad

146 966 319 1005 omnes,
357 952 564 997 moxime
592 960 750 997 autem
781 954 845 999 ad

144 1013 430 1059 domesticos
470 1012 598 1057 fidei.
675 1012 847 1057 Videte

141 1073 358 1129 qualibus
381 1072 545 1117 litteris
572 1072 736 1129 scripsi
766 1086 847 1117 vo·

912 415 1140 460 molestus
1189 414 1297 459 sit:
1348 428 1440 471 ego
1489 415 1612 459 enim

911 476 1139 532 stIgmata
1180 449 1375 519 Domini
1408 474 1540 545 Jesu
1567 475 1617 519 in

911 535 1110 591 corpore
1130 547 1240 578 meo
1261 541 1414 602 porto.
1452 533 1619 580 Gratia
1700 586 1707 591 ,

913 593 1107 640 Domini
1134 595 1281 638 nostri
1298 594 1417 655 Jesu
1442 593 1616 638 Christi

910 667 1020 698 cum
1045 654 1213 711 spiritu
1234 661 1404 704 vestro,
1432 653 1610 709 fratres,

910 714 1078 758 Amen.

967 772 1041 833 Ιζῖ.
1082 773 1178 817 Iste
1217 786 1306 831 cog
1311 773 1440 819 novit
1478 772 1614 831 j-usti

910 833 1040 883 tiam,
1097 840 1144 877 et
1206 833 1321 878 vidit
1384 833 1618 878 mirabilia

912 905 1099 949 magna,
1127 900 1172 936 et
1198 893 1405 938 exoravit
1432 893 1616 937 Altissi-

910 965 1042 996 mum
1066 965 1077 996 :
1099 952 1124 973 '4
1156 952 1218 997 Et
1238 952 1454 997 inventus
1473 960 1543 997 est
1565 953 1613 996 in

910 1011 1109 1056 numero
1121 1010 1409 1057 sanotorum.
1438 1010 1498 1059 Y.
1520 1010 1616 1056 Iste

911 1078 981 1115 est
1022 1072 1105 1129 qui
1146 1071 1429 1128 contempsit
1469 1071 1614 1115 vitam

81 1166 82 1169 η
140 1133 213 1177 bis
226 1146 334 1177 mea
348 1145 507 1176 manu.
544 1131 850 1189 Quicumque
909 1132 1091 1183 mundi,
1117 1138 1165 1176 et
1186 1131 1395 1188 pervenit
1416 1131 1481 1175 ad
1508 1144 1617 1175 coe-

140 1194 266 1237 enim
326 1192 491 1237 volunt
551 1192 737 1249 placere
797 1192 846 1236 in

139 1265 291 1304 carne,
334 1251 383 1296 hi
426 1259 601 1308 cogunt
643 1265 728 1296 vos
760 1252 847 1296 cir-

138 1311 359 1363 cumcidi,
397 1318 584 1356 tantum
620 1318 672 1356 ut
694 1312 847 1356 erucis

139 1370 311 1415 Christi
341 1370 719 1440 persecutionem
748 1384 845 1417 non

137 1430 392 1487 patiantur,
434 1429 606 1487 Neque
620 1431 746 1475 enim
763 1431 845 1488 qui

138 1488 550 1541 circumciduntur,
580 1490 734 1546 legem
767 1504 847 1534 cu·-

138 1549 375 1594 stodiunt:
390 1549 474 1593 sed
486 1549 648 1594 volunt
663 1562 746 1594 vos
759 1550 846 1594 cir-

137 1608 358 1659 cumcidi,
385 1616 438 1652 ut
459 1609 508 1653 in
528 1622 668 1653 carne
693 1616 852 1654 vaetra

135 1668 409 1727 glorientur.

194 1727 846 1796 R7.Justusger1ninobitsic-

133 1797 185 1834 ut
214 1789 406 1833 lilium:

133 1849 382 1894 aeternum
416 1857 526 1894 ante
563 1849 838 1894 Dominum.

130 1903 198 1979 ΧΤ..
238 1909 518 1953 Plantotus
507 1922 554 1953 ιιι
576 1910 724 1954 domo
747 1908 844 1955 Do-

133 1970 267 2020 mini,
305 1970 353 2013 in
385 1969 514 2014 Atriis
546 1969 717 2013 domus
756 1969 846 2013 Dei

132 2030 297 2075 nostri.
305 2030 431 2074 —Et
452 2028 652 2073 florebit.

365 2121 565 2168 Lectio
556 2121 617 2167 iii.

293 2208 399 2253 IHI
421 2215 581 2253 autem
604 2205 724 2250 absit
746 2204 847 2262 glo-

320 2267 428 2313 riari
473 2266 561 2310 nisi
612 2266 662 2309 in
710 2278 848 2309 cruce

183 2328 336 2375 omini
354 2326 502 2372 nostri
513 2325 632 2388 Jesu
648 2325 846 2370 Christi:

127 2402 217 2446 per
229 2401 378 2446 quem
391 2386 504 2431 mihi
523 2386 728 2430 mundus
744 2398 846 2430 cru-

127 2448 302 2493 cifixus
330 2453 417 2498 est,
452 2453 500 2490 et
527 2459 620 2503 ego
645 2445 840 2489 mundo.

130 2507 187 2551 In
228 2507 426 2552 Christo
466 2505 592 2550 enim
627 2504 735 2564 Iesu
765 2517 844 2549 ne-

126 2581 223 2625 que
244 2564 547 2611 circumcisio
568 2564 748 2621 aliquid
769 2576 848 2607 va-

125 2627 205 2678 let,
235 2640 397 2683 neque
417 2622 732 2682 praeputium,
760 2624 845 2669 sed

125 2699 255 2731 nova
272 2684 506 2730 creatura„
552 2684 613 2729 Et
634 2683 846 2757 quicum-

125 2760 223 2802 que
266 2746 396 2790 hanc
439 2744 651 2801 regulam
697 2743 844 2788 secuti

123 2805 319 2855 fuerint.
350 2818 447 2862 pax
476 2816 618 2861 super
644 2802 762 2854 illos.
798 2811 845 2848 et

122 2865 474 2921 misericordia,
487 2872 535 2908 et
548 2875 689 2920 super
703 2862 846 2907 Israel

79 2924 1684 3058 Dei.

440 1787 464 1812 '⁶'
494 1790 557 1833 Et
584 1789 768 1834 florebit
796 1790 845 1833 in
932 1802 946 1842 1
995 1798 1041 1845 ,ζ’
1063 1806 1113 1839 ,ῃ

911 1190 1045 1236 lostia
1074 1191 1367 1248 regna.-—Et
1398 1190 1615 1235 inventus

910 1258 996 1296 est.
1060 1250 1228 1297 Gloria
1259 1251 1399 1296 Patri.
1452 1250 1513 1295 Et
1545 1250 1616 1295 in·

910 1310 1077 1356 ventus
1097 1318 1183 1356 est,

968 1385 1022 1431 In
1046 1385 1257 1434 seeundo
1276 1384 1540 1433 Nooturno

909 1458 965 1502 Β.
980 1458 1203 1503 Bonaven
1209 1462 1321 1502 tura
1333 1472 1386 1502 en
1398 1457 1613 1526 Legenda

969 1517 1021 1563 S.
1048 1519 1314 1563 Francisce'.
1336 1524 1433 1576 cap.
1454 1518 1547 1561 xiii.

1132 1594 1331 1639 Lectio
1321 1609 1376 1639 ιν.

921 1670 1068 1725 ,”““
1085 1671 1102 1673 “’
1146 1664 1288 1710 IDE
1303 1663 1430 1710 LIS
1453 1664 1615 1710 revera

937 1741 948 1761 ι
966 1737 976 1740 “
995 1716 1090 1762 '25⁸
1126 1734 1127 1737 ’
1174 1724 1376 1770 ἰάιιιιιΙιιε
1405 1732 1451 1769 et
1479 1723 1615 1768 mini-

1056 1791 1064 1836 ζ
1088 1832 1091 1837 ,
1171 1792 1264 1829 ster
1281 1783 1452 1828 Christi
1473 1783 1615 1828 Fran-

1168 1844 1332 1894 ciscus,
1417 1842 1610 1888 bionnio

908 1884 1164 1963 ontequmn
1176 1904 1390 1962 spiritum
1397 1902 1613 1949 rodderet

908 1966 1058 2016 coelo,
1085 1979 1193 2011 cum
1222 1965 1270 2009 in
1299 1964 1405 2008 loco
1428 1963 1612 2009 excelso

909 2024 1121 2070 seorsum
1125 2025 1218 2082 ,qui
1226 2037 1364 2069 mons
1371 2023 1617 2069 Alverniae

910 2084 1093 2136 dicitur,
1165 2085 1381 2142 quadrag
1382 2084 1607 2136 enorium,

909 2146 971 2190 ad
986 2145 1215 2192 honorem
1224 2143 1510 2200 Archongeli
1520 2144 1614 2188 Mi·-

910 2205 1096 2258 chaelis,
1132 2204 1363 2264 Jejunium
1398 2203 1615 2249 inchoas-

909 2272 993 2316 set,
1008 2264 1238 2322 supernae
1253 2263 1613 2321 contemplatio-

910 2325 982 2369 nis
1017 2324 1266 2369 dulcodine
1296 2322 1614 2368 abundontius

910 2384 1050 2430 solito
1071 2382 1357 2440 superfusuS,
1384 2395 1439 2426 ac
1464 2381 1615 2427 coele-

910 2443 1052 2488 stium
1081 2441 1419 2488 desideriorum
1447 2441 1614 2486 arden-

910 2502 1016 2549 tiori
1085 2502 1306 2547 flamma.
1344 2499 1606 2551 succensus,

911 2562 1219 2619 supernorum
1249 2560 1406 2616 coepit
1438 2559 1615 2604 immis-

911 2621 1097 2667 sionum
1147 2619 1430 2665 cumulatius
1486 2619 1616 2664 dona

911 2681 1095 2726 sentite.
1164 2680 1291 2723 Dum
1315 2678 1459 2736 igitur
1482 2678 1614 2724 Sera-

911 2741 1062 2798 phicis
1082 2737 1422 2785 desideriorum
1437 2737 1614 2784 ardori-

911 2801 1000 2845 bus
1049 2812 1236 2844 sursum
1289 2796 1506 2856 ageretur
1564 2798 1612 2844 in

913 2861 1082 2910 Deum,
1111 2866 1157 2905 et
1179 2857 1376 2904 affootus
1396 2871 1614 2915 compas-

281 2924 562 2970 Decaetero
575 2935 717 2968 nemo
729 2922 843 2967 mihi
911 2920 1010 2965 siva
1061 2918 1370 2965 teneritudine
1407 2918 1457 2963 in
1508 2931 1619 2963 eum
