2050 3392
311 286 405 341 132

306 397 553 455 agnorum,
580 405 628 444 et
669 397 871 444 arietum
897 396 1015 445 filio-

307 472 412 502 rum
438 458 592 503 Basan
620 473 630 504 :

369 517 431 562 Et
472 518 627 563 hircos
668 531 777 563 cum
807 515 1016 562 medulla

308 576 497 629 tritici*
528 585 573 622 et
595 577 875 634 sanguinem
898 590 1017 621 uvae

306 635 486 681 biberet
509 637 892 681 meracissimum.

370 695 663 740 Incrassatus
693 704 763 739 est
795 694 1007 748 dilectus,

308 762 356 799 et
396 753 702 799 recalcitravit
739 752 800 799 τ’
841 755 1015 799 incras-

308 813 452 865 satus,
483 812 819 871 impinguatus,
848 813 1015 860 dilata-

309 880 399 924 tus,

370 931 632 990 Dereliquit
670 932 828 977 Deum
864 932 1016 979 faeto-

308 1005 409 1036 rem
439 1006 591 1044 suum,
628 990 658 1015 ¹*
687 1000 734 1037 et
766 992 956 1039 recessit
987 1007 1016 1037 a

311 1050 417 1096 Deo
437 1051 630 1096 salutari
652 1065 754 1098 suo.

371 1111 749 1157 Provocaverunt
796 1125 906 1157 eum
966 1112 1014 1155 in

309 1170 399 1215 diis
415 1169 625 1223 alienis*
642 1172 748 1217 etin
770 1171 1017 1216 abomina-

310 1228 518 1275 tionibus
584 1231 650 1275 ad
721 1230 1015 1276 iracundiam

308 1289 675 1335 concitaverunt.

352 1348 719 1394 Immolaverunt
729 1348 1007 1401 daemoniis,

308 1415 356 1453 et
397 1408 656 1466 non‘DeQ
682 1410 712 1435 ¹*
747 1409 851 1460 diis,
893 1422 1015 1466 quos

310 1468 592 1525 ignorabant
620 1483 631 1514 ε

371 1527 495 1572 Novi
537 1526 841 1584 recentesque
876 1526 1015 1572 vene-

308 1585 467 1638 runt,*
488 1599 609 1644 quos
640 1599 738 1631 non
769 1585 1014 1632 coluerunt

309 1654 467 1706 patres
484 1645 661 1692 eorum.

370 1707 540 1759 Deum,
568 1707 647 1764 qui
671 1714 718 1751 te
738 1705 901 1763 genuit
932 1707 1015 1752 de-

307 1765 581 1823 reliquisti‚*
595 1773 640 1810 et
658 1765 831 1811 oblitus
848 1779 898 1811 es
916 1766 1015 1812 De-

308 1826 422 1870 mini
444 1825 667 1870 creatoris
689 1826 772 1871 tui.

367 1883 499 1929 Vidit
538 1885 706 1936 Diius‚
743 1892 789 1929 et
832 1886 897 1930 ad
927 1885 1015 1930 ira-

309 1942 534 1988 cundiam
566 1944 830 1989 concitatus
861 1953 963 1990 est:
986 1944 1014 1968 ⁴*

309 2003 422 2061 quia
442 2003 815 2060 provocaverunt
835 2017 944 2049 eum
962 2004 1016 2049 si-

309 2063 357 2108 lii
379 2063 451 2108 sui
472 2070 520 2107 et
541 2062 679 2108 filiae.

371 2123 433 2168 Et
463 2123 530 2167 ait
560 2138 569 2168 :
600 2122 909 2169 Abscondam
947 2122 1014 2168 fa-

308 2183 429 2228 ciem
481 2196 636 2227 meam
686 2183 749 2226 ab
794 2183 874 2234 eiS.
902 2181 930 2205 ⁴
966 2190 1013 2227 et

309 2242 619 2287 considerabo
653 2241 906 2287 novissima
936 2240 1014 2287 ee-

308 2315 414 2346 mm
444 2317 453 2347 :

368 2360 622 2407 Generatio
643 2361 768 2405 enim
798 2360 1014 2418 perversa

307 2420 428 2473 esu*
449 2430 495 2466 et
518 2420 729 2466 infideles
750 2420 845 2465 filii.

371 2480 467 2539 Ipsi
483 2494 559 2524 me
576 2479 948 2537 provocaverunt
964 2480 1010 2523 in

308 2553 380 2591 ec,
408 2541 488 2597 qui
513 2554 607 2584 non
639 2548 738 2583 erat
765 2537 944 2590 Deus*
966 2547 1013 2584 et

308 2599 603 2667 irritaverunt
639 2599 687 2643 in
727 2598 1014 2644 vanitatibus

308 2671 443 2761 sugit·
453 2729 544 2772 ego
566 2716 836 2773 provocabo
861 2730 944 2762 eos
965 2717 1014 2761 in

310 2788 381 2825 eo,
400 2776 490 2838 'qui
523 2788 617 2820 non
649 2785 719 2821 est
741 2776 960 2835 populus,
988 2775 1015 2800 ⁴*

312 2840 360 2935 el}
396 2846 443 2877 in
473 2843 614 2890 gente
644 2836 789 2881 stulta
822 2837 1015 2882 irritabo

312 2902 327 2935 ι
361 2903 430 2937 os·

775 275 826 328 S
824 274 1017 328 abbata
1043 274 1125 327 ad
1143 274 1378 328 Laudes.

1146 397 1276 455 Ignis
1297 396 1552 443 succensus
1567 403 1640 443 est
1656 397 1707 442 in
1724 397 1805 444 fu-

1084 456 1188 503 rere
1216 455 1373 509 meost
1381 463 1430 502 et
1441 456 1630 503 ardebit
1642 470 1806 516 usque

1085 518 1148 561 ad
1180 516 1344 562 inferni
1366 516 1623 561 novissima
1646 532 1657 562 :

1138 575 1490 634 Devorabitque
1501 584 1674 621 terram
1683 590 1803 622 cum

1084 635 1295 693 germine
1316 634 1463 688 suo,‚*
1485 643 1532 680 et
1554 635 1802 682 mentium

1084 695 1395 740 fundamenta
1416 694 1680 742 comburet.

1146 754 1462 813 Congregabo
1514 768 1660 813 super
1711 768 1801 800 eos

1086 814 1224 866 mala,
1263 813 1290 838 ⁴*
1321 822 1366 859 et
1409 813 1610 871 sagittas
1661 828 1800 860 meas

1085 873 1337 931 complebo
1359 874 1406 918 in
1428 874 1508 919 eis.

1145 933 1498 979 Consumentur
1527 932 1667 985 fame,
1696 931 1725 956 ¹*
1744 941 1805 980 et

1083 993 1381 1038 devorabunt
1401 1006 1483 1037 eos
1498 1006 1609 1037 aves
1629 1006 1800 1039 morsu

1083 1051 1380 1097 amarissimo
1404 1067 1415 1097 ε

1145 1111 1327 1157 Dentes
1342 1110 1600 1156 bestiesum
1618 1110 1799 1157 immit-

1084 1178 1182 1216 tam
1216 1172 1264 1216 in
1305 1184 1400 1222 eos,
1424 1169 1452 1194 *
1481 1185 1593 1215 cum
1633 1170 1797 1217 furore

1084 1231 1372 1276 trahentium
1413 1243 1556 1288 super
1597 1238 1788 1284 terram,

1082 1298 1229 1347 atque
1248 1289 1549 1348 serpentium.

1144 1350 1279 1394 Foris
1325 1349 1527 1395 vastabit
1569 1362 1652 1395 eos
1692 1349 1797 1406 gla-

1083 1409 1202 1461 dius,
1231 1416 1278 1454 et
1311 1409 1436 1453 intus
1470 1422 1632 1467 pavor,
1663 1407 1691 1432 *
1717 1409 1795 1467 ju-

1083 1481 1248 1514 venen]
1288 1468 1425 1513 simul
1454 1482 1513 1513 ac
1542 1468 1788 1525 virginem.

1083 1527 1338 1574 laetentem
1413 1541 1523 1573 cum
1599 1526 1797 1573 homine

1082 1600 1207 1633 sene.

1142 1647 1271 1692 Dixi:
1290 1647 1501 1691 Ubinam
1517 1644 1797 1692 sunt?*ces-

1080 1707 1185 1752 sate
1225 1707 1396 1752 faciam
1426 1721 1485 1751 ex
1517 1707 1794 1766 hominibus

1082 1767 1359 1812 memoriam
1380 1766 1560 1812 eerum.

1141 1826 1236 1871 Sed
1268 1834 1460 1885 propter
1491 1826 1609 1871 iram
1634 1825 1792 1871 inimi·

1082 1885 1247 1931 corum
1280 1886 1439 1931 distuli
1471 1899 1482 1930 :
1515 1884 1542 1909 ⁴*
1573 1899 1634 1930 ne
1665 1885 1791 1932 forte

1080 1944 1374 2003 superbirent
1395 1945 1555 1990 hostes
1576 1945 1759 1992 eorum.

1142 2005 1204 2050 Et
1235 2005 1442 2050 dicerent
1470 2019 1481 2050 ε
1506 2005 1686 2051 Manus
1706 2019 1793 2050 no·

1080 2072 1179 2110 stra
1199 2065 1394 2116 excelsa,
1416 2071 1462 2108 et
1484 2078 1582 2109 non
1601 2064 1791 2119 Dfius‚¹'

1082 2123 1190 2169 fecit
1212 2124 1329 2168 haec
1351 2123 1525 2169 omnia.

1141 2183 1270 2228 Gens
1286 2184 1466 2240 absque
1482 2182 1681 2228 consilio
1698 2192 1785 2237 est.

1081 2250 1128 2287 et
1148 2243 1249 2288 sine
1265 2241 1567 2299 prudentia!
1589 2244 1792 2289 Utinam

1082 2301 1312 2359 saperent.
1336 2310 1382 2347 et
1396 2302 1794 2359 intelligerent‚ac

1083 2361 1335 2405 novissima
1359 2361 1673 2419 providerent.

1140 2420 1400 2476 Quomodo
1480 2434 1541 2478 pe
1655 2421 1796 2467 uetur

1082 2494 1205 2524 unus
1228 2479 1402 2531 mille,*
1423 2487 1470 2524 et
1491 2481 1592 2525 duo
1644 2490 1795 2539 ugent

1081 2541 1246 2585 decem
1269 2540 1446 2584 millia?

1142 2598 1317 2643 Nonne
1348 2598 1476 2651 ideo,
1514 2599 1630 2656 quia
1661 2599 1797 2645 Deus

1081 2672 1195 2703 suus
1210 2658 1420 2703 vendidit
1436 2656 1569 2711 eos‚*
1587 2668 1635 2703 et
1655 2659 1797 2706 Diius

1083 2716 1308 2763 conclusit
1332 2717 1435 2761 illos
1455 2717 1477 2762 ?

1145 2776 1256 2821 Non
1285 2777 1409 2820 enim
1440 2783 1509 2821 est
1544 2776 1679 2822 Deus
1711 2791 1799 2823 no-

1083 2842 1178 2881 ster
1198 2844 1250 2880 ut
1273 2835 1337 2880 dii
1360 2835 1524 2881 eorum
1555 2850 1566 2881 :
1590 2834 1617 2859 ⁴⁹
1639 2846 1686 2881 et
1711 2838 1797 2883 ini·

1085 2895 1194 2940 mici
1217 2895 1363 2940 nostri
1386 2902 1495 2940 sunt
1511 2893 1717 2953 judices.
1793 2928 1803 2934 -
