2050 3392
183 423 413 470 videlicet
446 425 509 469 ab
542 426 672 470 omni
705 426 901 485 hujusce

182 484 320 529 vitae
334 492 381 529 et
395 486 547 530 carnis
568 487 896 544 concupiscen-

185 544 261 590 tia
274 552 486 589 mentem
500 545 818 599 abstraxisset,
832 555 900 592 at·

186 617 290 661 que
316 604 384 649 ita
408 603 636 661 virginem
666 619 764 650 una
791 620 900 651 curn

188 663 397 721 corpore
408 662 618 709 animam
630 666 902 711 conservas-

189 730 280 775 set,
308 730 363 767 ut
393 736 500 768 eam
528 724 741 775 decebat,
778 739 900 783 quae

189 782 357 827 Deum
390 782 498 828 sinu
527 796 615 828 suo
645 784 902 843 exceptura

190 850 312 888 erat.

254 894 326 954 R?-
366 901 499 946 Sicut
514 904 683 948 cedrus
697 903 902 949 exaltata

192 960 372 1006 sum‘in
397 961 598 1014 Libano,
624 971 672 1007 et
689 964 808 1008 sicut
825 977 901 1021 cy-

189 1019 385 1078 pressus
435 1020 481 1064 in
535 1030 697 1067 monte
751 1023 866 1069 Sion
888 1038 898 1068 ε

189 1080 330 1137 quasi
347 1081 538 1137 myrrha
553 1081 715 1134 electa,
732 1075 759 1098 ⁴*
778 1082 899 1127 Dedi

187 1138 475 1184 suavitatem
501 1139 675 1185 oderis.
738 1133 800 1192 X*-
839 1142 901 1186 Et

187 1199 314 1244 sicut
323 1198 678 1244 cinnamomum
691 1209 737 1245 et
749 1199 902 1246 balsa-

187 1272 326 1303 mum
347 1258 881 1306 aromatizans—Dedi.

202 1343 279 1387 Ex
311 1342 434 1387 libro
465 1343 616 1387 saneti
649 1344 887 1390 Ambresii

232 1401 462 1459 Episcopi
485 1404 548 1447 de
569 1402 855 1460 Virginibus.

280 1461 387 1505 Lib.
415 1474 456 1505 2.
477 1465 581 1520 post
600 1464 816 1507 initium.

442 1530 604 1575 Letftio
622 1546 663 1580 v.

317 1613 472 1659 ALIS
512 1614 600 1659 fuit
637 1614 808 1666 Maria,
846 1624 898 1659 ut

352 1674 454 1733 ejus
469 1672 612 1720 unius
632 1674 730 1720 vita
749 1674 899 1721 emni-

184 1746 274 1779 um
295 1733 356 1779 sit
378 1734 643 1791 disciplina.
688 1734 738 1779 Si
758 1733 901 1793 igitur

182 1791 363 1839 aue‘tor
393 1806 490 1838 non
520 1793 751 1851 displicet,
778 1807 900 1852 opus

182 1851 447 1912 probemus
467 1867 478 1897 :
500 1861 551 1898 ut
573 1852 901 1912 quaecumque

182 1913 277 1958 sibi
292 1913 396 1970 eJus
409 1911 601 1969 exeptat
616 1913 894 1970 praemium,

182 1970 400 2018 imitetur
418 1971 699 2030 exemplum.
736 1971 899 2027 Quan-

182 2040 267 2076 tae
299 2031 349 2075 in
378 2044 478 2076 una
506 2031 688 2090 virgine
717 2032 899 2090 species

181 2090 417 2136 virtutum
458 2090 661 2137 emicant
684 2093 694 2136 !
739 2092 898 2137 Secre-

182 2161 293 2196 tum
323 2149 646 2201 verecundiae.
674 2151 896 2196 vexillum

180 2209 315 2261 fidei,
324 2209 588 2255 devotionis
597 2210 875 2269 obsequium
887 2227 895 2256 :

181 2270 324 2327 virgo
346 2270 470 2314 intra
497 2270 709 2322 domum,
736 2284 898 2316 comes

182 2330 252 2374 ad
284 2328 609 2384 ministerium,
647 2338 799 2375 mater
834 2332 896 2376 ad

182 2388 435 2446 templum.
503 2388 549 2435 Ο
588 2390 778 2447 quantis
819 2391 896 2434 illa

181 2447 450 2506 virginibus
475 2448 688 2494 occurret
712 2451 721 2494 i
748 2463 895 2507 quan·

181 2517 264 2554 tas
283 2507 533 2564 complexa
552 2509 616 2553 ad
636 2508 895 2555 Dominum

181 2568 358 2618 trahet,
382 2567 570 2612 dicens:
592 2568 726 2612 Haec
739 2576 894 2613 torum

180 2626 271 2673 filii
294 2627 404 2677 mei,
426 2625 543 2671 haec
560 2627 795 2672 thalamos
811 2641 896 2672 nu-

181 2686 358 2745 ptiales
380 2686 713 2731 immaculatos
740 2687 895 2732 serva-

181 2746 251 2791 vit
310 2744 473 2790 udore.

360 2804 501 2859 Quae
530 2811 601 2849 est
632 2804 734 2857 ista,
771 2818 894 2863 quae

181 2862 419 2924 processit
433 2863 554 2908 sicut
563 2864 647 2916 sol,
664 2872 712 2909 et
720 2864 894 2910 formo-

179 2938 239 2970 sa
264 2932 518 2980 tamquam
540 2922 838 2986 Jerusalem?
862 2916 890 2939 Ἐ

314 288 429 343 Die
450 303 523 341 2!
546 289 715 357 Nov„
739 291 1216 348 Praesentatiom's
1241 294 1309 349 B.
1332 296 1416 349 M.
1447 296 1503 350 V.
1575 309 1678 367 557

963 428 1197 474 Viderunt
1232 444 1339 475 eam
1373 431 1498 477 filiae
1537 432 1668 484 Sion,

963 497 1010 533 et
1044 489 1233 535 beatam
1262 490 1491 545 dixerunt,
1524 499 1572 536 et
1605 505 1675 536 re·-

963 547 1105 605 ginae
1127 549 1434 595 laudaverunt
1455 564 1577 596 earn.
1606 543 1669 604 W·

967 608 1027 652 Et
1048 609 1169 653 sicut
1190 609 1291 654 dies
1320 611 1447 654 verni
1474 609 1674 656 circum-

964 668 1143 712 dabant
1164 681 1269 713 eam
1291 668 1431 714 flores
1458 670 1672 715 rosarum

964 734 1009 771 et
1032 727 1128 772 lilia
1148 728 1445 774 convallium.
1459 729 1673 777 -Vide-

964 793 1089 833 runt.

1194 872 1366 924 Lec'tio
1386 875 1446 923 vi.

1105 963 1229 1007 UID
1242 977 1357 1022 ergo
1376 964 1584 1023 exequar
1606 967 1671 1011 ci-

1123 1022 1294 1068 borum
1310 1025 1661 1081 parsimoniam,

964 1094 995 1126 o
1048 1080 1225 1128 ciorum
1265 1084 1628 1129 redundantiam
1658 1098 1669 1129 ε

963 1141 1165 1187 alterum
1194 1143 1318 1188 ultra
1346 1143 1564 1188 naturam
1595 1157 1674 1188 su-

963 1201 1205 1258 perfuisse,
1228 1201 1426 1248 alterum
1445 1216 1567 1261 pene
1583 1204 1670 1260 ipsi

965 1260 1164 1307 naturae
1178 1261 1414 1308 defuisse?
1428 1262 1527 1307 Illic
1541 1264 1673 1308 nulla

965 1320 1231 1366 intermissa
1239 1321 1465 1380 tempora,
1475 1322 1550 1367 hic
1558 1336 1672 1368 con-

963 1379 1231 1436 geminatos
1248 1380 1428 1440 J'e'unio
1449 1382 1564 1427 dies.
1608 1382 1669 1427 Et

965 1440 1002 1483 si
1020 1442 1217 1497 quando
1232 1454 1281 1485 re
1315 1440 1468 1486 ciendi
1486 1454 1671 1487 succes-

964 1498 1102 1543 sisset
1139 1500 1367 1551 voluntas,
1410 1500 1543 1546 cibus
1575 1500 1671 1557 ple-

964 1556 1166 1615 rumque
1178 1558 1359 1609 ebvius,
1374 1560 1454 1616 qui
1470 1568 1670 1605 mortem

964 1615 1156 1669 arceret,
1188 1630 1284 1662 non
1313 1618 1509 1663 delicias
1535 1620 1671 1663 mini-

967 1675 1147 1723 straret.
1192 1675 1412 1722 Dormire
1429 1691 1525 1722 non
1539 1677 1671 1735 prius

965 1735 1216 1793 cupiditas,
1243 1750 1388 1794 quam
1416 1737 1670 1783 necessitas

965 1795 1077 1842 suit:
1100 1803 1146 1840 et
1167 1803 1327 1842 tamen
1340 1810 1448 1841 cum
1462 1796 1671 1854 quiesce-

965 1862 1034 1900 ret
1074 1868 1262 1913 corpus,
1310 1854 1521 1914 vigilaret
1570 1855 1671 1901 ani-

965 1927 1071 1959 mus
1115 1929 1125 1959 :
1174 1916 1255 1973 qui
1308 1914 1575 1973 frequenter
1621 1916 1668 1960 in

963 1975 1144 2019 somnis
1157 1981 1240 2020 aut
1257 1974 1381 2019 leeta
1397 1974 1575 2033 repetit,
1584 1983 1667 2021 aut

963 2046 1135 2078 somno
1199 2033 1375 2079 interru
1412 2041 1463 2079 ta
1519 2036 1668 2080 conti·

963 2101 1092 2146 nuat,
1134 2101 1217 2139 aut
1258 2048 1489 2152 distsita
1528 2094 1661 2152 gerit,

963 2161 1045 2198 aut
1100 2153 1274 2198 erenda
1292 2152 1607 2211 praenuntiat.

1083 2245 1092 2253 .
1136 2212 1369 2258 Ornatam
1412 2214 1669 2260 monilibus

963 2270 1108 2316 filiam
1119 2271 1384 2334 Jerusalem
1402 2272 1539 2318 Dnus
1554 2286 1669 2317 con·

961 2331 1138 2388 cupivit
1162 2345 1171 2376 :
1197 2328 1223 2353 ⁴*
1247 2332 1308 2377 Et
1329 2332 1542 2377 videntes
1559 2346 1666 2376 eam

962 2389 1087 2435 filiae
1149 2390 1280 2442 Sion,
1343 2390 1667 2435 beatissimam

960 2449 1364 2506 praedicaverunt,
1384 2449 1595 2494 dicentes
1610 2464 1620 2494 :
1637 2444 1669 2470 ⁴*

965 2508 1276 2566 Unguentum
1326 2508 1528 2553 effusum
1584 2522 1667 2553 no-

961 2581 1068 2612 men
1092 2576 1239 2612 tuum.
1278 2562 1338 2621 X'.
1360 2567 1523 2612 Astitit
1545 2566 1667 2626 regi—

960 2640 1022 2671 na
1042 2640 1073 2671 a
1093 2626 1270 2672 dextris
1290 2626 1384 2671 tuis
1412 2627 1461 2671 in
1493 2627 1666 2672 vestitu

958 2685 1204 2737 deaurato,
1218 2684 1509 2732 circumdata
1522 2687 1666 2731 varie-

958 2746 1200 2791 tate—Et
1221 2745 1447 2791 videntes.
1504 2746 1666 2794 (Adria

962 2805 1101 2852 Patri.
1150 2803 1477 2865 Unguentum.

1020 2859 1076 2904 In
1105 2860 1243 2906 tertio
1267 2857 1531 2913 Noelurno,
1562 2861 1668 2907 Ho-

959 2921 1086 2966 milia
1151 2921 1444 2969 Venerabilis
1514 2924 1672 2968 Bedae
