2050 3392
731 256 806 322 In
830 261 1193 321 Dedicatt‘vne
1217 246 1276 313 E
1277 256 1516 313 eclesiae.

372 273 512 329 cxlii.

370 398 499 446 enim
530 394 711 448 saneta,
743 392 833 440 etsi
863 388 981 437 rami
1012 387 1085 434 in-

370 459 511 507 utiles
538 472 549 504 :
584 466 787 515 quorum
824 447 1084 496 inimemo-

374 533 479 566 sam
492 517 692 577 gloriam
708 513 839 572 plebs
853 509 1083 556 Gentium

374 580 470 625 fide
521 572 886 624 resurreetidnis,
945 567 1086 628 quasi

375 639 585 697 quadam
599 633 809 692 cerporis
822 628 1088 676 elevatione

376 694 680 745 transcendit.
709 691 954 737 Zachaeus
970 682 1087 746 er‘go

376 759 425 803 in
439 756 703 815 sycomoro,
726 763 897 798 caecus
914 751 963 795 in
980 749 1082 794 via:

376 827 579 875 quorum
593 814 794 860 alterum
806 811 942 856 Dfius
955 809 1092 854 mise-

376 876 564 922 raturus
604 871 841 932 expeetat,
888 871 1091 915 alterum

378 934 641 982 mansionis
703 945 818 978 suae
878 927 1091 975 claritate

379 995 616 1046 nobilitat,
682 992 882 1038 alterum
952 1001 1090 1034 sana-

382 1055 515 1102 turus
530 1054 805 1111 interrogat,
825 1050 957 1108 apud
979 1047 1094 1093 elte-

381 1130 487 1162 rum
496 1129 546 1161 se
559 1128 656 1160 non
672 1110 894 1158 invitatus
908 1107 1088 1153 invitat.

384 1175 575 1221 Sciebat
616 1173 743 1218 enirn
778 1169 972 1216 uberem
1007 1167 1094 1212 ho-

384 1235 511 1292 spitii
554 1234 627 1278 sui
668 1244 772 1276 esse
807 1227 1090 1274 mercedem.

385 1295 481 1341 Sed
523 1301 697 1342 tamen,
745 1289 833 1335 etsi
876 1289 1095 1334 nondum

385 1366 549 1398 vocem
584 1348 825 1396 invitentis
857 1347 1092 1399 audierat,

383 1413 483 1473 Jam
506 1411 688 1456 viderat
708 1407 948 1455 affeetum.

452 1470 525 1530 R7.
563 1470 773 1528 Lapides
809 1467 1005 1554 gretiosi
1046 1480 1098 1512 o-

388 1546 522 1578 mnes
542 1532 664 1577 muri
687 1530 756 1576 tui
782 1543 794 1575 ι
863 1529 927 1574 Et
948 1536 1099 1573 turres

381 1592 648 1656 Jerusalem
698 1590 865 1636 emmis
876 1587 1098 1634 aedifica·-

391 1653 582 1701 buntur.
703 1685 712 1698 .
766 1649 939 1694 Portae
964 1646 1100 1712 Jeru-

391 1715 539 1759 salem
560 1726 618 1758 ex
641 1710 869 1769 sapphiro
898 1716 946 1754 et
976 1721 1101 1753 sma-

392 1774 546 1831 rae'tgdo
560 1769 951 1820 aedificabuntur,
972 1775 1020 1813 et
1042 1781 1100 1812 ex

392 1833 552 1891 lepide
565 1830 773 1889 pretioso
786 1830 941 1874 omnis
953 1825 1102 1873 circu-

391 1893 486 1939 itus
513 1892 633 1936 muri
662 1888 909 1949 ejus—Et
933 1895 1096 1933 turres.

395 1950 558 1998 Gloria
610 1949 753 1994 Patri.
821 1948 884 1992 Et
932 1954 1094 1993 turres.

399 2010 570 2056 Bened.
635 2009 715 2055 Ad
735 2004 1025 2054 societatem.

618 2098 784 2150 Lecstio
806 2099 864 2147 ix.

537 2186 740 2234 ERUM
758 2199 819 2231 ne
835 2198 1032 2231 caecum
1049 2184 1103 2229 il-

570 2248 671 2293 lum
700 2254 948 2305 tamquam
970 2244 1104 2291 fasti·

392 2308 515 2357 diosi
555 2307 821 2367 peuperum
862 2306 960 2351 cito
999 2305 1104 2350 reli·

1150 398 1223 432 res
1235 381 1540 434 disceremus,
1558 380 1692 427 unde
1703 379 1874 426 Dnum

1151 445 1309 491 videre
1325 441 1606 488 mercemur.
1666 441 1876 487 Interro-

1153 504 1283 564 gavit
1303 504 1445 554 enim,
1474 508 1524 547 ut
1548 501 1870 552 crederemus,

1156 565 1395 612 neminem
1439 562 1529 607 nisi
1560 559 1874 607 confitentem

1155 638 1298 685 posse
1320 620 1504 669 salvari.

1235 684 1310 730 Te
1326 683 1485 728 Deum
1498 679 1775 727 laudemus.
1801 691 1864 734 17.

1348 769 1426 806 AD
1457 768 1565 805 LAU
1572 768 1674 805 DES

1257 845 1303 882 et
1326 848 1410 895 per
1430 833 1590 881 Horas
1613 834 1765 881 Afiae.

1223 921 1261 952 1.
1301 907 1516 951 Domum
1537 912 1687 957 tuam,
1717 903 1871 954 Dfieff

1161 967 1300 1012 decet
1331 964 1609 1011 sanetitudo
1639 964 1690 1008 in
1720 961 1875 1019 ›ongi-

1162 1025 1381 1072 tudinem
1392 1025 1591 1071 dierum.
1639 1027 1712 1071 Ps.
1735 1021 1875 1066 Dnus

1159 1085 1392 1144 regnavit,
1418 1100 1528 1136 cum
1556 1086 1636 1134 reli
1675 1088 1760 1133 uiS.
1802 1083 1869 1127 18·

1223 1160 1265 1192 2.
1296 1146 1484 1191 Domus
1501 1156 1625 1196 mea,
1701 1141 1874 1187 domus

1163 1205 1395 1252 oratienis
1415 1204 1678 1250 vocabitur.

1223 1280 1264 1325 3.
1296 1265 1435 1311 Haec
1454 1271 1528 1310 est
1543 1265 1718 1308 domus
1735 1260 1830 1306 Dfii
1844 1267 1869 1290 ἑ

1167 1326 1364 1372 firmiter
1426 1322 1694 1375 aedificdta,
1758 1322 1875 1365 bene

1167 1387 1370 1432 fundata
1405 1391 1478 1430 est
1512 1395 1660 1442 supra
1694 1380 1873 1427 finnam

1167 1455 1367 1505 petram.

1223 1521 1266 1564 4.
1299 1507 1425 1551 Bene
1442 1502 1645 1549 sundeta
1660 1501 1872 1548 est-*do-

1167 1580 1274 1612 mus
1297 1565 1493 1612 Domini
1521 1576 1671 1622 supra
1698 1562 1873 1607 firmam

1168 1635 1367 1685 petram.

1229 1699 1270 1745 5.
1324 1684 1537 1754 Lepid-es
1579 1681 1791 1752 pretidsi
1847 1686 1867 1710 θ’

1169 1759 1336 1792 omnes
1366 1759 1490 1790 mun
1521 1752 1606 1796 tm,
1640 1752 1690 1789 et
1729 1751 1874 1788 turres

1163 1805 1430 1869 Jerusalem
1469 1804 1676 1863 gemmis
1717 1799 1872 1848 aedifi-

1170 1866 1422 1912 cabuntur.

1212 1942 1507 2004 Capitulum.
1579 1940 1723 1999 Apoc.
1744 1938 1833 1984 xxi.

1336 2017 1449 2063 IDI
1492 2015 1733 2063 civitatem
1777 2028 1874 2061 san·

1351 2077 1483 2123 e‘tam
1539 2077 1770 2123 erusalem
1797 2087 1873 2119 no-

1173 2152 1282 2185 vam
1294 2138 1503 2184 descend
1534 2144 1665 2182 ntem
1678 2137 1739 2181 de
1749 2134 1873 2179 coelo

1174 2213 1205 2245 a
1228 2198 1349 2251 Deo,
1372 2198 1593 2256 paratam
1610 2196 1732 2241 sicut
1746 2206 1873 2253 spon·

1174 2272 1279 2304 sam
1304 2258 1524 2304 ornatam
1545 2256 1648 2303 viro
1669 2268 1769 2302 suo.

394 2370 552 2430 quisse
562 2370 815 2418 videamur,
823 2374 869 2411 et
879 2363 1103 2411 transisse
1407 2343 1647 2405 Hymfflffi·

394 2431 459 2476 ad
476 2429 632 2479 divite,
652 2425 956 2484 expetftemus
972 2437 1096 2475 eum,
1339 2418 1474 2466 LTO
1495 2434 1553 2465 ex
1573 2417 1769 2479 Olympi
1789 2415 1874 2462 ver·

395 2490 507 2549 quia
516 2486 779 2546 expeetz‘wit
788 2493 835 2530 et
845 2484 1101 2531 Dominus:
1420 2480 1512 2525 tice

395 2548 738 2605 interrogemus
758 2558 882 2595 eum,
904 2544 1018 2602 quia
1033 2543 1102 2587 in·
1176 2539 1360 2585 Summi
1386 2539 1605 2584 Parentis
1626 2538 1783 2589 Fssius,

397 2607 650 2666 terrogatvit
663 2614 710 2652 et
724 2605 956 2650 Christus.
996 2602 1104 2648 Nos

396 2666 752 2724 interrogemus,
799 2664 914 2721 quia
953 2662 1105 2707 nesci·

397 2742 522 2773 mus:
540 2728 617 2772 ille
630 2726 742 2783 quia
758 2724 967 2770 noverat.
998 2721 1104 2767 Nos

397 2786 756 2842 interrogemus,
801 2790 858 2828 ut
897 2782 1105 2828 sciamus

395 2845 524 2888 unde
554 2844 644 2889 iste
670 2842 864 2889 curetas
893 2842 955 2888 sit
984 2856 995 2888 ε
1027 2841 1105 2887 ille

395 2902 713 2959 interrogevit,
740 2909 795 2948 ut
815 2902 864 2947 in
884 2914 984 2948 uno
998 2900 1104 2961 plu·

1178 2600 1280 2645 Ceu
1302 2606 1467 2645 monte
1487 2598 1713 2645 deser
1734 2596 1844 2655 lapis

1177 2660 1350 2705 Terras
1371 2659 1419 2704 in
1442 2658 1564 2703 imas
1586 2658 1818 2709 decidens,

1181 2720 1367 2764 Domus
1375 2717 1626 2776 supernae,
1633 2726 1681 2762 et
1691 2716 1872 2764 infimae,

1182 2779 1455 2835 Utrumque
1467 2777 1626 2836 junxit
1639 2776 1865 2836 eng-ulum.

1235 2838 1331 2884 Sed
1351 2837 1432 2883 issa
1451 2838 1592 2883 sedes
1613 2835 1829 2883 coelitum

1176 2898 1374 2957 Semper
1391 2895 1590 2944 resultat
1608 2895 1836 2948 leudibus,
