2050 3392
328 232 431 286 402
471 218 583 272 Die
600 221 673 286 17'
690 219 741 271 S
738 222 862 288 φά,
884 217 1057 287 Impr.
1076 217 1280 286 Slzjgm.
1300 217 1363 269 S.
1383 215 1694 282 Francisci,
1713 215 1774 268 C.

329 356 539 409 neverat,
574 356 661 400 nisi
698 368 785 400 sua
819 353 1030 410 retinere,

329 416 485 462 aliena
533 416 711 473 rapere,
756 414 796 459 si
844 420 1037 470 posset;

330 475 677 532 concupiscere,
708 475 745 519 si
788 486 887 517 non
928 485 1038 529 pos-

329 537 433 581 set?
459 535 554 580 Sed
581 533 794 580 coelestis
827 531 1038 577 medicus

330 594 529 652 singulis
588 592 855 650 quibusque
914 591 1038 634 vitiis

331 653 573 699 obviantia
601 652 798 697 adhibet
833 650 1039 695 medica-

330 713 505 757 menta.
593 711 722 756 Nam
772 711 893 755 sicut
937 717 1039 754 arte

332 771 595 817 medicinae
639 770 796 815 calida
837 769 1032 827 frigidis,

331 831 503 888 frigida
516 830 680 881 calidis
701 830 950 875 curentur:
973 829 1041 873 ita

332 890 569 936 Deminus
604 897 766 935 noster
801 888 1037 933 contrAria

330 949 556 1007 oppesuit
574 948 921 994 medicamenta
931 961 1040 1004 pec-

332 1009 465 1061 catis,
492 1016 546 1053 ut
576 1008 767 1053 lubricis
797 1007 1040 1052 continen-

331 1069 462 1120 tiam,
485 1067 731 1113 tenecibus
752 1065 1032 1124 largitetem,

331 1127 570 1172 iracundis
606 1126 1034 1176 mansuetudinem,

332 1187 469 1232 elatis
489 1186 784 1244 praeciperet
805 1184 1042 1230 humilita-

334 1253 446 1291 tem.

382 1296 456 1356 R7.
475 1306 571 1350 Iste
582 1312 655 1351 est
667 1305 749 1363 qui
761 1312 872 1349 ante
883 1305 1041 1349 Deum

331 1378 534 1422 magnas
577 1365 772 1409 virtutes
816 1363 1041 1421 operatus

332 1432 418 1477 est,
446 1432 493 1469 et
524 1425 587 1469 de
619 1424 749 1468 omni
777 1424 920 1469 corde
953 1437 1041 1468 suo

333 1483 547 1529 laudAvit
564 1483 826 1530 Deminum
848 1474 898 1529 ε’
932 1482 1041 1540 Ipse

332 1543 596 1589 intercedat
671 1556 760 1600 pro
835 1543 1042 1600 peccatis

334 1602 551 1648 emnium
607 1601 907 1660 populerum.
960 1592 1023 1653 W.

336 1663 463 1709 Ecce
478 1662 625 1709 homo
642 1663 741 1708 sine
749 1661 951 1721 querela,
967 1675 1042 1707 ve-

334 1737 416 1769 rus
438 1724 529 1768 Dei
551 1723 715 1774 cultor,
738 1722 978 1768 abstinens
990 1734 1041 1765 se

336 1783 399 1827 ab
440 1783 570 1828 omni
611 1782 754 1839 opere
805 1782 943 1831 malo,
992 1788 1041 1825 et

334 1842 620 1900 permanens
669 1842 719 1886 in
774 1840 1043 1886 innocentia

334 1913 492 1947 sua.-
502 1902 611 1960 Ipse
631 1901 904 1947 intercedat.

542 1985 707 2034 Leetio
727 1986 819 2033 viii.

486 2079 693 2123 ERTE
732 2092 841 2123 cum
882 2091 938 2122 se-
972 2090 1043 2121 se-

504 2138 759 2196 quentibus
775 2151 899 2183 nova
913 2150 1045 2181 man-

338 2195 455 2242 deta
470 2198 766 2254 proponeret,
780 2197 913 2241 dixit:
936 2196 1040 2240 Nisi

337 2257 444 2313 quis
465 2256 797 2301 renuntiaverit
821 2255 1043 2301 omnibus

338 2329 462 2373 quae
498 2315 722 2374 pessidet,
753 2328 849 2359 non
885 2322 1042 2372 potest

337 2388 473 2420 meus
502 2389 604 2420 esse
637 2374 905 2431 discipulus.
971 2375 1044 2418 Ac

338 2435 378 2479 si
398 2435 561 2493 aperte
581 2435 733 2480 dicat:
755 2434 851 2487 Qui
873 2447 958 2490 per
977 2433 1044 2477 vi-

339 2501 437 2539 tam
466 2494 670 2539 veterem
694 2493 848 2538 aliena
870 2506 1045 2538 concu-

337 2553 529 2610 piscitis,
558 2567 642 2611 per
669 2566 821 2598 novae
851 2565 1045 2597 conver-

336 2612 535 2658 satienis
570 2611 778 2657 studium
811 2620 858 2657 et
890 2620 1047 2657 vestra

338 2668 587 2726 largimini.
623 2672 754 2726 Quid
767 2672 937 2716 veroin
954 2672 1044 2716 hac

337 2726 539 2774 ledtiene
579 2731 719 2782 dicat,
758 2731 1042 2777 audiamus:

337 2782 433 2833 Qui
474 2788 573 2832 vult
607 2797 718 2844 post
754 2804 832 2835 me
866 2790 1038 2842 venire,

334 2836 539 2897 abneget
577 2848 901 2907 semetipsum.
971 2850 1044 2894 Ibi

1103 352 1283 403 dicitur,
1311 359 1366 397 ut
1399 351 1689 409 abnegemus
1726 365 1815 398 no-

1101 421 1228 458 stra:
1260 412 1336 456 hic
1366 410 1550 462 d10itur,
1577 419 1630 456 ut
1667 412 1815 457 abne*

1101 471 1269 528 gemus
1319 484 1421 516 nos,
1498 471 1559 516 Et
1612 471 1816 516 fortasse

1104 530 1391 577 laboriesum
1416 544 1513 575 non
1534 539 1605 576 est
1628 530 1813 576 homini

1103 589 1366 646 reIInquere
1401 603 1516 634 sua:
1553 591 1638 634 sed
1675 591 1815 635 valde

1103 649 1393 694 laboriesum
1434 657 1505 694 est
1546 650 1813 707 relinquere

1103 709 1428 765 semetipsum.
1450 709 1613 754 Minus
1632 711 1812 766 quippe

1103 777 1175 813 est
1204 768 1443 825 abnegare
1471 769 1603 825 quod
1633 768 1810 814 habet:

1103 828 1239 872 valde
1270 836 1431 872 autern
1475 829 1680 872 multum
1721 836 1806 880 est,

1101 887 1340 944 abnegare
1361 888 1493 945 quod
1513 895 1599 933 est.

1163 948 1239 1006 RJ.
1286 946 1408 991 Mihi
1454 947 1577 992 absit
1618 947 1811 1005 gloriari

1104 1007 1192 1050 nisi
1236 1007 1284 1050 in
1330 1019 1470 1051 cruce
1516 1006 1612 1051 Dfii
1663 1008 1813 1052 nostri

1097 1065 1215 1128 Jesu
1253 1066 1428 1110 Christi
1457 1063 1510 1111 ε’
1543 1066 1634 1110 Per
1667 1080 1813 1124 quem

1105 1126 1220 1169 mihi
1242 1125 1450 1169 mundus
1464 1125 1718 1170 crucifixus
1740 1134 1813 1172 est

1105 1193 1153 1230 et
1204 1198 1297 1242 ego
1348 1185 1545 1229 mundo.
1592 1177 1659 1239 Y.
1705 1186 1815 1242 Ego

1105 1245 1230 1289 enim
1255 1243 1491 1300 Stigmata
1511 1244 1604 1287 Dfii
1619 1244 1743 1307 Jesu
1764 1246 1812 1289 in

1105 1303 1303 1361 corpore
1343 1316 1452 1348 meo
1558 1304 1816 1349 rto.-—Per

1105 1377 1249 1421 quem
1288 1363 1417 1406 mihi.
1482 1361 1632 1409 rrlcsria
1664 1363 1809 1412 Patri.

1109 1424 1198 1468 Per
1249 1435 1361 1470 uem
1381 1420 1510 1470 mihi.

1159 1476 1215 1521 In
1280 1485 1451 1523 uatuor
1465 1476 1804 1536 Temporibus,

1097 1536 1267 1582 Letstio
1296 1539 1356 1583 ix.
1384 1539 1445 1582 de
1475 1538 1693 1584 Homilra
1724 1541 1813 1585 Fe-

1094 1598 1193 1642 riae
1214 1605 1259 1642 et
1277 1598 1379 1653 ejus
1396 1598 1813 1651 Commemoratio

1094 1658 1143 1702 in
1170 1657 1432 1703 Laudibus.

1324 1748 1489 1796 Lecstio
1512 1749 1573 1800 ix.

1267 1838 1312 1882 D
1328 1851 1379 1883 se
1398 1845 1560 1884 autem
1581 1839 1722 1885 nobis
1742 1854 1824 1886 ve-

1294 1897 1530 1943 nientibus
1579 1898 1822 1944 Dominus

1106 1957 1357 2013 praecepit,
1392 1964 1447 2001 ut
1492 1957 1822 2004 renuntiemus

1107 2017 1311 2062 nostris:
1361 2017 1473 2074 quia
1523 2016 1822 2075 quicumque

1107 2078 1170 2121 ad
1200 2074 1312 2120 fidei
1343 2075 1548 2133 agonem
1579 2076 1814 2129 venimus,

1107 2134 1346 2180 lufflmen
1376 2143 1559 2192 contra,
1578 2136 1823 2194 malignos

1108 2194 1297 2251 spiritus
1313 2193 1557 2240 sumimus.
1585 2195 1721 2240 Nihil
1738 2211 1824 2242 au-

1110 2262 1206 2299 tem
1227 2254 1422 2312 maligni
1443 2254 1636 2311 spiritus
1656 2256 1704 2300 in
1727 2257 1824 2302 hoc

1108 2314 1290 2359 mundo
1356 2313 1600 2371 preprium
1669 2315 1825 2373 pessi·

1109 2374 1222 2418 dent
1243 2388 1252 2418 :
1275 2373 1389 2418 nudi
1410 2386 1524 2430 ergo
1545 2387 1656 2418 cum
1679 2376 1825 2420 nudis

1109 2432 1274 2477 luetati
1306 2432 1546 2478 debemus.
1617 2434 1750 2479 Nam
1780 2435 1823 2480 si

1109 2492 1308 2537 vestitus
1328 2493 1527 2549 quisque
1552 2507 1665 2538 cum
1687 2496 1826 2539 nudo

1108 2550 1325 2602 laetatur,
1369 2553 1506 2596 citius
1541 2553 1605 2597 ad
1646 2561 1828 2598 terram

1110 2611 1336 2669 dejicitur,
1364 2611 1478 2668 quia
1511 2611 1656 2657 habet
1692 2613 1828 2658 unde

1111 2671 1337 2716 teneatur.
1405 2670 1535 2725 Quid
1556 2672 1683 2716 enim
1712 2680 1828 2718 sunt

1110 2730 1296 2776 terrena
1333 2729 1508 2781 omnia,
1548 2730 1637 2774 nisi
1714 2745 1833 2777 uae·

1109 2791 1222 2836 dam
1263 2789 1474 2847 cerporis
1513 2789 1684 2834 indum
1716 2792 1834 2837 uta?

1109 2849 1204 2904 Qui
1237 2862 1353 2906 ergo
1380 2855 1550 2894 contra
1574 2848 1835 2899 diabolum
