2050 3392
558 235 647 290 De
668 236 845 290 Anno
868 241 925 290 et
945 237 1069 307 ejus
1079 238 1362 309 partibus.
1651 258 1703 295 v.

217 383 316 412 mus
349 383 438 412 esse
528 385 635 414 issex
687 387 739 423 is,
776 387 790 416 ι
872 388 902 416 u

217 421 320 481 anni
359 437 465 474 1700,
497 426 605 473 1800,
637 438 750 476 1900,
784 424 921 466 Bisse-

214 474 344 514 xtiles
358 487 439 514 non
453 473 549 523 sint,
563 489 675 516 anno
690 489 791 517 vero
804 491 920 525 2000,

214 538 333 565 more
358 537 555 567 consueto
579 526 671 569 dies
700 527 922 568 Bissextus

214 575 497 626 intercaletur,
516 576 746 619 Februario
765 577 858 619 dies
875 593 923 630 29

984 388 1065 417 oon
1131 389 1184 416 en
1205 389 1267 421 ezr
1302 388 1492 427 emqueo
1544 389 1623 417 om
1645 390 1707 417 er-

986 425 1184 467 mittendi
1212 425 1577 477 intercalandique
1613 427 1704 468 Bis·

985 488 1156 519 sextum
1182 477 1299 519 diem
1316 476 1361 518 in
1379 477 1703 529 quadringentis

986 527 1230 579 quibusque
1243 527 1367 569 annis
1381 539 1588 580 perpetuo
1607 543 1705 570 con·

987 589 1241 621 servaretur.

661 739 921 783 QUATUOR
957 739 1231 776 TEMPORA.

344 863 524 904 brantur
556 876 711 915 quarta
737 875 781 906 et
807 876 930 906 sexta

352 927 406 955 ac
433 914 622 957 Sabbato
644 926 740 966 post
761 916 931 958 tertiam

208 965 482 1007 Dominicam
535 968 777 1017 Adventus,
832 978 929 1019 post

210 811 580 956 ῼὸῘΙΑΤῘΙΟΚ
593 812 807 865 Tempora
821 814 929 856 cele·

991 814 1173 866 primam
1210 814 1480 856 Dominicam
1513 815 1706 866 Quadra·

992 864 1197 917 gesimae,
1211 876 1306 917 post
1315 865 1587 908 Dominicam
1599 867 1706 908 Pen-

995 927 1192 966 tecostes‚
1215 927 1306 968 post
1329 917 1501 958 Festum
1533 918 1706 959 Exalta-

995 968 1124 1010 tionis
1144 969 1325 1010 Samstae
1344 968 1505 1010 Crucis.

225 1113 469 1150 NUPTIAE
502 1114 731 1157 QUANDO
762 1115 1069 1150 CELEBRARI
1101 1115 1214 1150 NON
1248 1116 1464 1152 Possm'r
1493 1115 1673 1162 JuxTA

481 1174 781 1210 DECRETUM
812 1175 1135 1210 TRIDENTINI
1168 1175 1422 1213 CONCILII.

336 1248 755 1291 DOMINICA
791 1250 959 1301 prima<

990 1251 1073 1291 dus
1116 1250 1405 1292 solemnitates
1441 1249 1705 1302 Nuptiarum

206 1283 318 1410 ᾼΡ
335 1301 569 1341 Adventus
594 1314 732 1352 usque
750 1300 794 1341 in
813 1301 927 1343 diem
957 1304 959 1331 ⁴
989 1301 1199 1353 prohibet.
1234 1303 1284 1342 ln
1302 1301 1398 1343 aliis
1425 1315 1526 1342 vero
1546 1312 1707 1352 tempo-

320 1351 497 1399 haniae,
519 1362 563 1392 et
581 1365 608 1392 a
631 1352 757 1393 Feria
774 1363 928 1403 quarta
957 1338 960 1409 ἶ
991 1352 1109 1394 ribus
1129 1354 1172 1393 N
1176 1352 1317 1412 nptias
1335 1352 1581 1395 solemniter
1598 1353 1706 1393 cele-

204 1403 407 1444 Cmerum
452 1416 591 1462 usque
626 1402 670 1443 in
709 1404 804 1445 Oct.
848 1404 928 1444 Pa-

203 1454 363 1495 schatis
380 1453 608 1501 inclusive.
629 1454 778 1495 saneta
793 1455 924 1506 Syno-

958 1426 959 1431 =
992 1403 1106 1445 brari
1124 1404 1344 1456 permittit.

305 1601 380 1636 DE
413 1600 593 1637 CYCLO
626 1601 1131 1638 DECENNOVENNALI
1162 1601 1333 1639 AUREI
1366 1601 1597 1637 NUMERI.

294 1674 502 1718 YCLUS
541 1675 926 1719 decennovennalis
989 1679 1257 1720 redeundum
1299 1685 1380 1728 est,
1417 1677 1478 1720 ita
1511 1686 1560 1720 ut
1595 1690 1707 1719 anno

319 1727 461 1787 Aurei
489 1727 657 1768 numeri
676 1737 742 1769 est
760 1729 922 1769 revolu-

993 1732 1107 1781 1596,
1126 1731 1297 1771 Aureus
1323 1743 1524 1771 numerus
1542 1729 1598 1770 sit
1617 1743 1706 1769 rur-

285 1792 457 1819 numen
492 1792 540 1828 ¹9
574 1791 782 1819 annorum
819 1779 874 1820 ab
903 1795 922 1820 ι
991 1794 1064 1821 sus
1086 1796 1122 1827 1,
1142 1791 1185 1821 et
1203 1794 1315 1822 anno
1338 1795 1434 1831 1597
1454 1780 1510 1821 sit
1529 1795 1567 1828 2,
1588 1780 1663 1821 &a

201 1841 335 1880 usque
361 1831 421 1870 ad
453 1843 521 1881 19,
549 1842 637 1879 qua
662 1830 925 1871 revolutione

200 1881 388 1930 peraeta,
427 1880 590 1921 iterum
625 1882 681 1922 ad
717 1881 924 1922 unitatem

203 1931 373 1973 reditur.
432 1931 568 1973 Verbi
613 1931 768 1983 gratia,
812 1946 924 1974 anno

205 1996 313 2034 1577,
342 1997 556 2025 numerus
582 1982 692 2034 cycli
719 1985 925 2025 decenno-

202 2034 407 2083 vennalis,
436 2034 519 2086 qui
554 2033 715 2076 dicitur
739 2036 923 2084 Aureus,

202 2093 265 2124 est
294 2100 331 2132 13
358 2100 476 2127 anno
507 2085 706 2137 sequenti
737 2088 833 2136 1578
861 2096 925 2127 est

203 2149 239 2182 2,
259 2145 300 2176 et
329 2135 389 2177 ita
407 2136 619 2188 deinceps
647 2135 690 2176 in
715 2136 926 2187 sequenti·

202 2185 279 2226 bus
296 2188 437 2236 annis,
452 2201 543 2229 uno
557 2201 728 2238 semper
745 2188 926 2238 amplius

200 2250 335 2288 usque
366 2241 422 2280 ad
456 2254 520 2291 19,
550 2238 628 2290 qui
654 2240 825 2279 Aureus
851 2253 927 2280 nu-

203 2301 341 2330 merus
372 2292 503 2331 cadet
538 2290 586 2331 in
612 2303 775 2330 annum
812 2303 924 2341 1595,

202 2349 296 2389 post
312 2354 443 2392 quem
460 2341 622 2382 iterum
641 2341 697 2382 ad
716 2340 926 2382 unitatem

669 2427 673 2448 Ι
736 2412 751 2416 ,

679 2488 737 2513 12.
769 2487 826 2523 13.
858 2489 914 2524 14.

239 2427 334 2574 sitq.
360 2433 461 2571 &¹19-
496 2429 570 2570 10}
588 2488 648 2515 11.

253 2620 378 2661 Anno
401 2622 502 2670 1582
523 2616 743 2657 tribuatur
770 2613 929 2665 primus
993 2629 1087 2655 rum

207 2683 405 2711 numerus
443 2668 648 2715 tabellae,
678 2664 752 2725 quj
789 2676 853 2705 est
889 2667 928 2712 6:

209 2723 417 2763 secundus
462 2730 631 2765 autem,
670 2730 745 2767 qui
790 2726 928 2775 esty,

208 2772 398 2822 sequenti
414 2785 532 2813 anno
552 2772 669 2821 1583,
685 2778 727 2808 et
743 2766 799 2807 ita
816 2768 931 2807 dein-

944 2487 1001 2524 15.

1047 1832 1064 1871 1
1101 1830 1186 1871 ‘tur
1220 1839 1269 1872 ut
1302 1833 1473 1872 Aureus
1504 1844 1705 1872 numerus

990 1896 1077 1942 quo
1095 1882 1183 1923 ibet
1211 1895 1323 1923 anno
1344 1882 1564 1942 proposito
1591 1882 1706 1923 inve-

990 1944 1149 1983 matur,
1169 1943 1403 1985 compostta
1430 1943 1495 1975 est
1521 1947 1705 1985 sequens

991 1985 1150 2026 tabella
1162 1986 1402 2026 Aureorum
1417 1998 1704 2032 numerorum,

990 2037 1114 2086 cujus
1132 2050 1236 2077 usus
1249 2035 1397 2087 incipit
1411 2036 1465 2077 ab
1480 2050 1593 2077 anno
1611 2038 1706 2086 1582

991 2086 1211 2135 inclusive,
1240 2088 1452 2138 duratque
1482 2087 1525 2128 in
1561 2100 1708 2138 perpe·

991 2146 1124 2179 tuum.
1182 2139 1249 2179 Ex
1285 2152 1337 2180 ea
1380 2138 1494 2179 enim
1537 2140 1707 2179 Aureus

991 2203 1193 2230 numerus
1217 2189 1447 2240 cujuslibet
1478 2189 1578 2230 anni
1612 2196 1706 2240 post

991 2254 1151 2333 aurbum
1198 2242 1311 2291 1582,
1348 2240 1583 2292 reperietur
1625 2240 1706 2280 hoc

992 2304 1062 2332 mo
1092 2305 1130 2332 o.

1033 2425 1353 2570 16.;17.!18.'19.

1385 2489 1417 2514 1.
1446 2415 1693 2568 212541254

1146 2613 1286 2656 uaeris
1317 2613 1613 2665 perveniatur:
1646 2630 1708 2655 re-

994 2666 1107 2707 deun
1140 2680 1165 2707 0
1174 2667 1230 2706 ad
1242 2664 1496 2716 principium
1510 2665 1706 2714 tabellae.

995 2716 1346 2775 quotiescumque
1373 2729 1467 2755 eam
1494 2730 1709 2774 percurre·

996 2781 1063 2807 ris.
1122 2769 1237 2808 Nam
1265 2780 1481 2813 numeruS,
1512 2780 1553 2806 in
1581 2782 1708 2818 quern

209 2834 305 2873 ceps
340 2823 384 2864 in
421 2822 658 2868 infinitum,
697 2819 833 2859 donec
876 2819 932 2859 ad
996 2832 1131 2859 annus
1163 2817 1405 2870 propositus
1432 2817 1561 2865 cadit,
1590 2818 1710 2858 dabit

211 2886 380 2923 annum,
409 2873 538 2924 cujus
565 2874 762 2913 Aureum
790 2882 935 2910 nume-

997 2870 1187 2911 Aureum
1205 2880 1431 2910 numerum
1453 2868 1703 2917 quaesitum.
