2050 3392
496 282 797 336 Commune
819 281 992 336 unius
1016 281 1318 352 Martyris.

203 419 359 452 unum
390 403 417 429 ⁴‘
460 404 690 451 advorsus
731 405 908 460 Dfium,

201 474 255 512 et
275 464 501 512 adversus
526 464 767 511 Christum
794 467 932 523 ejus..

269 524 613 583 Dirumpmnus
631 524 818 570 vincula
837 525 916 572 eo-

201 598 315 631 rum
352 599 363 629 ε
396 583 424 608 ⁴*
464 594 512 630 et
554 584 856 643 projiciemus
886 599 917 630 a

204 643 347 691 nobis
364 644 534 701 J‘ugum
566 643 791 701 ipsorum.

268 703 364 758 Qui
396 703 580 748 habitat
611 703 660 747 in
692 703 847 757 coelis,
867 707 923 751 ir-

203 763 380 808 ridebit
401 776 483 808 eos
502 776 512 808 :
531 760 559 785 ⁴*
592 770 640 807 et
681 761 917 809 Dominus

203 821 522 868 subsannabit
552 835 648 868 eos.

268 881 408 927 Tunc
428 880 650 939 loquetur
668 882 732 927 ad
763 895 848 927 eos
867 881 915 926 in

204 942 278 987 ira
308 953 409 993 sua,
436 938 464 963 ⁴*
494 948 542 986 et
571 941 622 986 in
651 941 808 988 furore
828 954 916 986 suo

203 999 510 1047 conturbabit
531 1014 627 1046 eos.

270 1060 380 1117 Ego
418 1066 581 1104 autem
630 1058 916 1105 constitutus

204 1133 317 1164 sum
349 1132 429 1164 rex
459 1120 522 1164 ab
551 1133 611 1164 eo
640 1133 782 1178 super
801 1120 915 1166 Sion

207 1185 424 1224 montem
464 1178 684 1224 sanctum
725 1179 839 1236 eJus,
887 1177 914 1203 *

206 1238 490 1296 praedicans
515 1237 772 1296 praecepti]
794 1239 906 1296 eJus.

257 1297 508 1343 Dominus
528 1297 644 1343 dixit
664 1298 731 1343 ad
748 1310 827 1343 me
854 1312 865 1343 τ
888 1296 914 1321 ⁴*

208 1357 359 1402 Filius
373 1370 505 1402 meus
521 1370 572 1402 es
590 1365 655 1410 tu,
662 1370 753 1416 ego
769 1356 912 1404 hodie

204 1415 355 1474 genui
377 1423 435 1461 te.

272 1475 469 1520 Postula
509 1489 540 1521 a
582 1489 673 1528 me,
708 1483 757 1521 et
787 1477 916 1523 dabo

207 1535 313 1581 tibi·
349 1534 529 1581 Gentes
572 1535 914 1581 haereditatem

206 1603 360 1646 tuam.
408 1592 436 1617 ⁴*
476 1602 524 1639 et
570 1595 912 1652 possessionem

206 1662 344 1700 tuam
366 1653 590 1700 terminos
612 1661 773 1700 terrae.

272 1714 431 1795 Reges
460 1726 542 1759 eos
577 1714 626 1760 in
666 1714 798 1771 virga
827 1713 914 1759 fer·

202 1787 304 1825 rm,
394 1780 441 1818 et
472 1780 720 1830 tamquam
750 1786 833 1818 vas
861 1773 916 1817 fi-

203 1832 310 1890 guli
332 1832 598 1889 confringes
617 1846 713 1878 e05.

266 1890 915 1949 Etnuncregesintelligite2*

204 1949 460 1996 erudimini
482 1950 563 2008 qui
577 1950 802 2008 judicatis
828 1959 916 1996 ter-

203 2023 328 2056 ram.

193 2111 196 2112 γ
269 2068 450 2114 Servite
473 2068 584 2115 Di’io
604 2069 651 2114 in
674 2069 842 2116 timore
862 2084 872 2114 :
890 2067 917 2093 ³*

203 2137 256 2175 et
278 2128 486 2174 exultate
507 2129 547 2173 ei
570 2142 679 2173 cum
697 2129 911 2174 tremore.

269 2188 628 2244 Apprehe'ndite
715 2188 919 2246 discipli-

206 2260 325 2293 nam
385 2246 643 2303 nequando
693 2247 921 2292 irascatur

209 2306 464 2359 Dominus.
490 2304 517 2329 ⁴*
547 2314 595 2351 et
627 2306 830 2364 pereatis
858 2307 919 2351 d:

208 2366 289 2410 via
307 2365 445 2421 justa.

274 2423 400 2470 Cum
440 2424 662 2471 exorserit
703 2426 751 2470 in
790 2426 917 2470 brevi

207 2485 282 2530 ira
313 2481 462 2539 ejus?
484 2484 607 2529 beati
630 2498 810 2538 omnes,
838 2485 917 2542 qui

208 2542 464 2589 confidunt
480 2544 527 2587 in
545 2557 615 2589 eo.

256 2602 384 2649 Asia.
425 2602 709 2648 Praedioans
732 2602 921 2659 praece-

208 2670 352 2721 ptum
388 2660 596 2714 Domini,
634 2661 919 2708 constitutus

206 2729 283 2767 est
307 2720 355 2765 in
376 2729 540 2765 monte
559 2720 726 2766 sanoto
746 2722 859 2779 ejtis.

257 2782 379 2826 Asia.
419 2779 550 2824 Voce
571 2780 708 2824 mea*
737 2781 800 2825 ad
824 2781 921 2827 Do-

208 2838 920 2887 minumclamz'tviaetexaudivit

207 2912 292 2954 me
314 2899 376 2945 de
398 2907 562 2946 monte
581 2898 751 2945 sancito
770 2913 874 2948 suo,

1191 429 1401 474 Psalmus
1423 432 1481 475 iii.

1135 523 1378 579 ΟΜΙΝΕ,
1399 523 1516 584 quid
1536 522 1694 571 multi-

1150 584 1311 643 plicati
1326 593 1434 631 sunt
1448 585 1530 643 qui
1547 584 1693 630 tribu-

986 644 1083 689 lant
1092 657 1170 690 me
1188 644 1210 689 ?
1229 642 1256 668 ⁴‘
1279 645 1414 693 multi
1443 642 1692 702 insurgunt

984 702 1233 748 adversum
1256 717 1346 748 me.

1046 761 1189 807 Multi
1210 763 1374 808 dicunt
1389 761 1580 808 Animae
1594 774 1695 807 me-

984 834 1060 866 ae:
1079 819 1107 844 ⁴*
1130 821 1245 866 Non
1265 829 1335 867 est
1366 822 1493 869 salus
1522 822 1613 881 ipsi
1642 821 1692 866 in

987 880 1094 925 Deo
1115 882 1230 938 ejus,

1045 939 1124 985 Tu
1163 947 1338 993 autem,
1377 939 1497 993 Dne,
1537 939 1694 986 susce-

985 1006 1096 1057 ptor
1116 1012 1250 1044 meus
1270 997 1370 1052 esst*
1389 999 1542 1057 gloria
1565 1013 1687 1053 mea,

986 1067 1035 1104 et
1056 1057 1271 1104 exaltans
1291 1066 1434 1116 caput
1452 1072 1627 1104 meum.

1047 1117 1180 1164 Voce
1200 1131 1308 1163 mea
1335 1118 1401 1163 ad
1432 1117 1691 1165 Dominum

985 1177 1183 1223 clamdvi
1204 1192 1215 1222 ε
1243 1175 1271 1200 ⁴*
1291 1185 1338 1222 et
1360 1177 1597 1223 exaudivit
1613 1191 1692 1222 me

985 1238 1047 1283 de
1069 1244 1233 1283 monte
1253 1235 1426 1283 sancito
1442 1250 1544 1282 suo.

1048 1297 1156 1354 Ego
1187 1295 1402 1349 dormivi,
1428 1304 1473 1342 et
1496 1295 1691 1354 soporo-

987 1364 1065 1402 tus
1085 1369 1210 1402 sum:
1226 1354 1252 1379 *
1269 1363 1316 1401 et
1332 1355 1558 1409 exurrexi,
1579 1356 1693 1414 quia

989 1414 1225 1463 Dominus
1243 1415 1450 1473 suscepit
1477 1429 1566 1460 me,

1047 1475 1162 1520 Non
1176 1474 1354 1521 timebo
1367 1474 1514 1519 millia
1525 1473 1691 1532 populi

985 1533 1323 1580 circumdontis
1343 1547 1421 1580 me
1436 1531 1483 1579 z*
1499 1531 1687 1590 exurge,

991 1593 1213 1646 Domine,
1257 1593 1441 1639 salvum
1479 1605 1560 1638 me
1596 1591 1687 1646 fac,

989 1652 1122 1699 Deus
1142 1665 1290 1699 meus.

1045 1711 1287 1769 Quoniam
1328 1719 1382 1757 tu
1422 1709 1691 1769 percussisti

985 1784 1153 1817 omnes
1213 1770 1520 1817 adversentes
1577 1770 1691 1814 mihi

984 1831 1084 1875 sine
1105 1843 1272 1876 causa:
1296 1828 1322 1853 ⁴*
1349 1830 1514 1876 dentes
1530 1842 1697 1887 pecca-

985 1889 1140 1936 torum
1164 1889 1433 1935 contrivisti.

1047 1949 1142 1993 Dni
1164 1956 1234 1994 est
1256 1950 1414 1995 salus:
1435 1947 1464 1972 ⁴*
1484 1956 1532 1994 et
1553 1961 1696 2005 super

986 2008 1220 2066 populum
1252 2016 1387 2054 tuum
1422 2006 1696 2055 benedictio

988 2076 1085 2113 tua.

1036 2128 1156 2174 Ana.
1175 2127 1309 2173 Voce
1322 2139 1432 2173 mea
1446 2128 1510 2174 ad
1525 2127 1693 2173 Domi·

988 2200 1104 2232 num
1126 2187 1325 2233 clamasti
1348 2201 1358 2232 :
1388 2194 1435 2232 et
1457 2187 1694 2233 exaudivit

987 2260 1065 2291 me
1080 2247 1142 2292 de
1161 2255 1326 2292 monte
1345 2245 1513 2293 sancto
1527 2259 1630 2291 suo.

1087 2340 1098 2353 .
1131 2305 1295 2351 Gloria
1306 2313 1352 2350 et
1366 2305 1547 2350 honore
1561 2316 1697 2350 coro-

988 2379 1018 2410 n
1077 2365 1110 2410 ti
1127 2378 1252 2417 eum,
1275 2364 1495 2409 Domine.
1512 2365 1583 2421 R7.
1631 2363 1692 2409 Et

988 2423 1272 2469 constituisti
1295 2436 1406 2468 eum
1425 2435 1568 2479 super
1580 2421 1695 2479 ope-

989 2497 1042 2530 ra
1063 2482 1292 2530 monuum
1314 2481 1515 2527 tuorum.

1054 2543 1194 2587 Pater
1213 2548 1386 2585 noster.
1409 2540 1675 2588 Absolutio.

992 2601 1194 2653 Exaudi,
1217 2598 1437 2645 Domine.
1452 2600 1514 2659 Ψ.
1545 2595 1690 2704 ὲιειξθ,

1646 2670 1696 2704 e-

991 2662 1182 2706 domne.
1211 2660 1500 2707 Benediotio.

991 2717 1202 2765 diotione
1221 2715 1463 2778 perpetua.

1041 2779 1295 2827 Leotiones
1316 2791 1564 2838 sequentes
1591 2784 1683 2840 pri·

978 2843 1042 2886 mi
1088 2841 1323 2886 Noc‘turni
1364 2842 1585 2899 leguntur
1633 2845 1682 2888 in

980 2902 1122 2947 Festo
1146 2902 1368 2959 Martyris
1390 2911 1437 2947 et
1463 2903 1631 2949 Pontis.
1676 2939 1687 2952 Α
