2050 3392
349 268 402 322 ii.
602 266 660 318 E
660 283 705 318 x
736 265 990 318 Decretis
1028 265 1238 317 Sacrae
1267 262 1313 317 C
1311 266 1593 333 engregat.

1585 356 1644 363 ...-

348 402 487 444 nuarii
518 405 630 450 1682,
659 400 848 454 generali
874 402 1049 443 decreto
1075 399 1354 449 confirmavit,
1375 408 1419 442 et
1445 398 1639 441 extendit
1666 397 1840 459 insuper

349 454 479 495 etiam
497 455 552 494 ad
575 453 762 495 Octavas
788 462 831 493 et
860 450 1075 494 Natalitia
1095 452 1361 500 Sanctorum,
1380 452 1437 493 de
1455 458 1685 502 praecepto
1702 463 1746 491 tn
1763 450 1840 491 alt-

381 520 435 546 ua
459 504 681 556 Religione
710 505 775 544 vel
805 502 1020 551 Dioecesi‚
1052 517 1104 544 ex
1137 502 1303 544 indulto
1331 502 1576 562 Apostolico
1603 501 1834 560 recitanda.

349 520 421 596 (fta
449 566 495 595 ut
524 570 576 596 ne
604 555 777 606 quidem
805 553 930 594 dietis
962 555 995 594 F
996 554 1100 595 estis
1128 555 1194 595 vel
1224 554 1400 596 Ot‘stavis
1431 553 1557 594 Festa
1586 554 1642 594 ad
1673 552 1843 593 libitum

351 616 452 648 tunc
471 605 703 647 incidentia
722 604 885 655 possint
904 605 1089 653 recitari,
1110 606 1185 646 sed
1204 605 1342 646 omitti
1362 618 1532 656 prorsus
1551 604 1748 645 debeant.

403 656 599 698 Permisit
619 667 775 703 tamen,
798 665 844 696 ut
864 655 1018 696 festum
1038 657 1290 697 translatum
1309 657 1422 707 quod
1442 656 1548 697 alias
1575 669 1627 696 eo
1646 654 1717 696 die
1735 655 1845 696 cele-

348 709 559 749 brandum
578 707 700 754 foret,
721 705 763 746 in
772 706 903 747 alium
922 706 1037 747 diem
1057 720 1140 748 non
1159 706 1409 758 impeditum
1428 706 1721 747 transferatur:
1741 705 1846 747 item

349 768 397 800 ut
416 760 566 800 eodem
585 758 656 799 die
674 757 811 798 omitti
840 757 973 807 possit
991 758 1176 799 officium
1196 759 1326 799 semel
1344 772 1419 809 per
1437 757 1750 798 hebdomadam
1768 766 1847 799 aut

351 824 538 851 mensem
559 808 823 849 recitandum
842 822 895 849 ex
915 808 1082 850 indulto
1099 809 1361 861 Apostolico‚
1380 819 1430 850 ut
1447 808 1508 849 ita
1526 809 1646 850 locus
1663 807 1719 850 sit
1738 809 1850 850 cele-

351 862 514 902 brando
534 859 686 903 Officio
703 861 760 901 ad
780 859 959 900 libitum.

696 969 1013 1032 EJUSDEM
1053 970 1185 1017 PRO
1221 971 1507 1018 SANCTIS

596 1048 652 1083 IN
684 1047 1114 1084 MARTYROLomo
1149 1049 1260 1084 NON
1295 1049 1619 1086 nnscmp'rxs.

504 1123 670 1165 FICIA
700 1122 953 1164 Sanctorum
980 1121 1147 1163 ratione
1178 1122 1393 1174 Corporis,
1422 1138 1496 1165 seu
1527 1123 1709 1177 insignis
1738 1126 1859 1168 Reli-

492 1174 618 1234 quiae
646 1175 879 1223 recitanda,
908 1188 961 1214 ex
990 1175 1178 1215 Decreto
1205 1175 1430 1216 Sacrorum
1461 1174 1638 1217 Rituum
1667 1177 1861 1228 Congre-

358 1226 545 1277 gatioms
577 1241 617 1266 11
649 1225 835 1284 Augusti
859 1228 970 1277 1691,
991 1224 1174 1277 intelligi
1194 1226 1350 1267 debere
1368 1227 1422 1266 de
1443 1226 1611 1268 Sanetis
1630 1229 1861 1270 dumtaxat

359 1277 403 1318 in
451 1277 690 1336 Martyrolo
723 1291 763 1317 10
808 1276 1002 1317 Romano
1048 1275 1287 1336 descriptis,
1330 1286 1372 1318 et
1413 1278 1645 1319 dummodo
1690 1288 1862 1321 constet

361 1330 415 1370 de
436 1328 668 1369 identitate
734 1341 759 1368 0
811 1326 911 1376 oris,
937 1341 1012 1368 seu
1043 1327 1246 1378 reliquiae
1274 1327 1452 1378 insignis
1478 1327 1681 1370 illiusmet
1710 1330 1863 1373 Santfti

360 1380 433 1432 qui
458 1379 665 1431 reperitur
687 1379 729 1419 in
803 1377 1064 1437 artyrologio
1089 1379 1282 1419 Romano
1309 1377 1572 1438 descriptus:
1598 1382 1652 1422 de
1678 1382 1864 1423 caeteris

361 1443 506 1473 autem
554 1430 721 1472 Sanctis
765 1429 808 1470 in
854 1429 1073 1481 praedusto
1121 1429 1431 1481 Martyrologxo
1480 1444 1563 1471 non
1617 1432 1862 1484 descriptis,

361 1493 436 1524 aut
464 1481 620 1541 quibus
647 1495 672 1522 a
711 1480 868 1522 Sancta
890 1481 1016 1539 ‚Sede
1054 1494 1137 1521 non
1174 1479 1300 1540 fuerit
1326 1480 1568 1532 specialiter
1592 1495 1864 1533 concessum,

363 1534 515 1576 Offieaa
544 1531 726 1580 recitari,
755 1542 799 1572 et
836 1531 995 1571 Missas
1031 1531 1234 1572 celebrari
1271 1542 1511 1580 vetuerunt,
1538 1547 1624 1573 non
1661 1535 1866 1576 obstante

361 1586 475 1636 quod
522 1584 707 1635 ipsorum
750 1582 954 1632 Corpora,
983 1582 1051 1622 vel
1087 1581 1275 1634 insignes
1314 1582 1537 1634 Reliquiae
1572 1583 1616 1624 in
1655 1585 1866 1627 Ecclesiis

361 1646 646 1682 asserventur,
707 1632 832 1673 uibus
868 1642 1009 1673 tamen
1046 1633 1102 1673 ab
1130 1633 1368 1675 Ordinariis
1396 1634 1581 1676 locorum
1613 1636 1867 1688 approbatis

363 1686 552 1729 debitam
587 1648 794 1727 Fidelium
821 1683 1137 1725 venerationem
1154 1684 1296 1736 (prout
1316 1685 1521 1728 hactenus
1542 1698 1761 1730 servatum
1780 1688 1869 1740 est)

365 1738 649 1780 exhibendam
677 1751 770 1778 esse
797 1746 1069 1784 censuerunt,
1089 1737 1164 1777 sed
1192 1737 1353 1787 absque
1373 1737 1524 1779 Officio
1542 1748 1585 1779 et
1608 1739 1761 1788 Missa,
1780 1740 1867 1782 sub

365 1789 513 1841 poenis
532 1790 586 1830 de
605 1802 687 1828 non
707 1785 1007 1846 satisfaciendo
1034 1796 1262 1847 praecepto
1289 1787 1494 1830 recitandi
1514 1789 1729 1838 Officium.
1749 1790 1869 1832 aliis-

367 1854 451 1891 que
472 1840 514 1879 in
535 1838 850 1880 Constitutione
871 1838 911 1879 S.
937 1838 1003 1878 Pu
1022 1848 1244 1880 contentis.
1304 1839 1389 1880 Die
1411 1855 1454 1881 11
1473 1840 1662 1891 Augusti
1684 1844 1799 1894 1691,
1822 1851 1869 1884 et

370 1888 942 1990 Sancfiissimussagfifobavit
959 1888 1033 1930 die
1060 1904 1108 1941 19
1126 1889 1326 1932 OCtobris
1343 1890 1537 1942 ejusdem
1554 1891 1656 1932 anni
1677 1895 1789 1944 ¹69¹·

508 1953 586 1981 oco
619 1949 629 1982 ἢ
695 1952 708 1979 ι
787 1952 813 1979 ι.

943 1990 984 2041 J.
1016 1991 1361 2040 VALLEMANus.
1388 1995 1435 2035 S.
1466 1994 1524 2035 R.
1557 1995 1604 2035 C.
1635 1995 1755 2037 Secr.

430 2083 751 2130 DECRETA
782 2084 1180 2131 GENERALIA
1215 2086 1420 2133 CIRCA
1452 2087 1810 2137 RUBRICAS.

382 2163 565 2257 CUM
604 2171 829 2212 Sacrorum
864 2169 1044 2212 Rituum
1073 2171 1407 2223 Congregationi
1441 2171 1625 2214 demisse
1653 2175 1870 2227 supplim-

496 2229 586 2263 tum
606 2220 734 2262 fuerit
753 2222 976 2272 sequentia
995 2222 1128 2264 dubia
1146 2223 1363 2264 declarare
1382 2236 1393 2266 z

426 2272 628 2314 Primum.
669 2274 758 2332 .A¹¹⁹
787 2286 884 2314 cum
912 2273 1057 2333 multis
1084 2273 1513 2325 Congregationibus,
1548 2275 1868 2328 Religionibus,

373 2324 466 2366 sive
501 2324 718 2372 Ecclesiis,
747 2324 813 2365 vel
850 2324 1111 2365 Nationibus
1139 2338 1385 2366 concessum
1412 2325 1482 2374 sit,
1510 2340 1537 2367 a
1565 2326 1724 2369 saneta
1755 2329 1869 2371 Sede

373 2374 637 2427 Apostolica,
684 2385 731 2416 ut
776 2376 922 2424 semel,
960 2376 1028 2416 vel
1066 2375 1224 2427 pluries
1269 2375 1312 2416 in
1352 2376 1530 2427 singulis
1567 2377 1868 2428 hebdomadis.

375 2428 442 2468 vel
471 2426 686 2467 mensibus
717 2425 986 2467 celebrentur
1012 2426 1130 2467 varia
1149 2427 1301 2469 Officia
1328 2442 1405 2478 per
1428 2441 1603 2477 annum,
1623 2431 1744 2472 verbi
1772 2445 1871 2483 gra·

374 2478 435 2518 tia
463 2479 516 2518 de
547 2476 822 2519 sanctissimo
852 2478 1142 2527 Sam-amento,
1172 2478 1239 2518 vel
1266 2478 1321 2518 de
1351 2477 1518 2519 Sanctis
1545 2478 1587 2519 in
1607 2479 1764 2523 diebus
1784 2495 1870 2523 non

374 2528 690 2621 &ffiffl‘ssssctffss
696 2529 902 2619 2212?ssss
919 2528 1482 2630 ffissss'lssss’sffiessifflssffiffi’
1500 2530 1870 2625 ἓῖῗέἑξῆἳῖιωοῶ

1663 2613 1673 2629 9
1770 2599 1797 2623 v
1854 2602 1870 2610 ⁸

376 2641 460 2677 tus,
482 2630 749 2689 Vigiliarum,
770 2639 812 2670 et
832 2631 1030 2681 Quatuor
1055 2631 1329 2681 Temporum‚
1350 2595 1533 2672 etiamgsi
1553 2633 1607 2673 de
1626 2632 1696 2674 his
1714 2598 1871 2677 dicentis

375 2682 562 2771 ¹¹.¹¹¹¹⁵.¹b⁵¹¹
583 2680 696 2770 {afta
722 2680 919 2732 specialis
938 2680 1096 2723 mentio
1123 2681 1167 2722 in
1194 2681 1409 2733 aliquibus
1427 2682 1676 2726 Officiorum
1697 2698 1872 2729 conces·

376 2745 482 2772 sioni
517 2744 566 2770 us

429 2782 684 2840 Secundum.
717 2782 783 2841 ᾼῐι
804 2781 897 2823 dies
916 2782 972 2824 im
1005 2784 1147 2825 editus
1170 2784 1296 2825 Festo
1314 2784 1489 2836 duplici,
1510 2785 1577 2826 vel
1597 2786 1871 2849 semiduplici

374 2846 452 2883 pro
471 2831 596 2872 dictis
616 2830 777 2872 Officns
798 2833 955 2875 recitan
991 2835 1041 2883 is,
1064 2835 1354 2886 intelligantur
1371 2836 1501 2877 etiam
1519 2836 1626 2884 dies,
1648 2836 1692 2879 in
1711 2841 1872 2890 quibus

375 2883 619 2934 ponendum
639 2892 703 2922 est
723 2883 922 2924 Officium
941 2887 995 2926 de
1018 2886 1145 2928 Festo
1164 2887 1339 2938 duplici,
1358 2887 1427 2928 vel
1445 2886 1715 2940 semiduplici
1737 2900 1872 2933 trans·
