2050 3392
342 256 447 309 260

339 390 545 449 spii-itus,
561 391 671 437 illue
687 392 1039 451 gradiebantur,

340 464 428 497 nec
443 452 795 498 revertebantur
815 464 924 496 cum
946 465 1046 496 am-

340 511 570 558 balatent.

414 572 485 627 ΙΨ.
499 572 676 628 Aspice
698 570 818 623 Di’ie,
842 570 956 628 quia
976 570 1045 615 fa-

340 631 422 677 ‹sta
441 641 511 676 est
529 630 744 676 desolata
764 630 928 675 civitas
950 631 1047 688 ple-

341 705 405 735 na
425 691 614 741 divitiis,
636 691 769 735 sedet
787 691 834 735 in
856 690 1048 736 tristitia

339 751 537 795 domina
570 750 795 795 Gentium
823 765 834 795 ε
881 750 905 774 ⁴*
931 750 1046 795 Non

340 817 412 854 est
463 811 544 867 qui
607 810 879 855 consoletur
919 823 1038 862 eam,

341 869 431 913 nisi
472 877 525 914 tu
568 870 700 915 Deus
742 878 915 915 noster.
986 870 1046 926 V.

344 929 540 974 Plorans
572 930 772 988 ploraVit
805 930 853 974 in
884 929 1039 981 noete,

339 996 388 1033 et
404 988 641 1048 lacrymae
657 991 759 1048 ejus
775 988 824 1035 in
845 989 1046 1034 maxillis

340 1049 737 1155 eglus.{1-Non¹est.
789 1048 944 1095 (idria
961 1049 1046 1094 Pa-

405 1142 416 1154 .
515 1123 579 1155 on
600 1123 651 1155 es
673 1144 684 1155 .

408 1186 464 1231 In
486 1190 699 1234 secundo
724 1189 987 1236 Noeturno.

342 1256 417 1302 De
433 1255 745 1313 Expositione
761 1255 911 1301 sanciti
931 1255 1048 1301 Gre-

399 1315 519 1374 gorii
560 1316 719 1373 Papae
747 1316 795 1360 in
826 1316 1048 1362 Ezechie-

399 1377 492 1421 lem
518 1375 820 1434 Prophetam.

458 1435 564 1481 Lib.
594 1449 633 1482 1.
659 1435 843 1481 Hamil.
876 1435 922 1481 ii.

582 1515 746 1560 Lectio
768 1517 825 1560 iv.

360 1631 374 1639 Γ
449 1583 610 1660 ψμὸ
623 1583 669 1627 U
682 1583 716 1629 S
739 1583 1047 1654 propheticae

360 1649 388 1683 τ’
431 1667 501 1704 ἦν,
564 1642 566 1681 i
606 1644 859 1691 locutionis
881 1652 964 1696 est,
994 1653 1047 1689 ut

374 1709 388 1764 ζ
438 1731 454 1749 r
506 1648 556 1773 ὗ
606 1706 736 1762 prius
771 1704 1040 1764 personam,

369 1730 548 1803 Ατέᾼ
606 1773 806 1824 tempus,
868 1764 1048 1811 locum·

343 1835 436 1879 que
499 1825 749 1877 descrIbat,
807 1832 854 1870 et
916 1826 1047 1883 post-

341 1883 541 1927 modum
601 1884 759 1929 dicere
820 1885 1042 1943 mysteria

340 1942 621 1999 prophetiae
636 1944 834 2000 inpriat
852 1958 862 1988 :
879 1945 1045 2002 quate-

341 2013 432 2045 nus
467 2002 530 2046 ad
560 2002 804 2048 veritatem
847 2004 1047 2049 solidius

341 2060 701 2114 ostendendam,
748 2070 859 2108 ante
898 2063 1047 2110 histo—

340 2119 437 2165 riae
458 2121 667 2167 radicem
697 2122 823 2181 figat,
846 2130 891 2169 et
914 2130 1038 2182 post,

341 2179 520 2225 fruetus
538 2180 729 2240 spititus
746 2196 829 2240 per
843 2183 981 2241 signa
996 2191 1045 2229 et

339 2240 594 2298 allegorias
630 2242 849 2300 proferat.
929 2243 1045 2288 Eze-

339 2300 460 2346 chiel
509 2301 672 2360 itaque
717 2302 887 2348 aetatis
929 2316 1045 2348 suae

340 2367 530 2419 tempus
586 2362 777 2414 indicat,
840 2363 1004 2408 dicens
1031 2378 1042 2408 :

341 2420 403 2466 Et
427 2421 605 2466 fadtum
628 2429 699 2467 est
724 2422 771 2467 in
801 2422 1044 2480 trigesimo

338 2494 480 2534 anno,
509 2482 554 2526 in
585 2491 756 2540 quarto
785 2495 958 2533 mense,
993 2483 1042 2527 in

339 2542 507 2597 quinta
571 2542 757 2587 mensis.
857 2541 1041 2587 Locum

338 2613 529 2658 quoque
550 2600 848 2654 denuntians,
875 2600 1043 2660 adjun-

336 2660 437 2716 git:
469 2661 592 2707 Cum
621 2674 772 2706 essem
802 2661 851 2705 in
882 2661 1042 2707 medio

338 2720 632 2777 captivorum
673 2720 811 2779 juxta
862 2719 1040 2765 flumen

340 2774 546 2830 Chobar‚
573 2779 721 2836 aperti
756 2787 866 2825 sunt
900 2781 1033 2834 coeli,

341 2841 390 2878 et
410 2836 502 2879 vidi
525 2837 724 2883 visiones
747 2839 851 2884 Dei.
897 2839 1041 2885 Tem-

339 2904 429 2950 pus
477 2893 620 2940 etiam
661 2897 884 2953 insinuat,
931 2901 1056 2947 sub-'

621 255 926 310 Dominica
938 256 1141 326 prima
1162 241 1513 308 Novembris.

1110 389 1355 438 dens:,1n
1395 389 1563 446 quinta
1601 387 1823 434 mensis:

1112 452 1214 509 ipse
1273 457 1345 494 est
1407 461 1560 494 annus
1621 449 1828 505 quintus

1111 507 1826 625 ‘ffnmffl‘ffbe‘eg‘pffi-

1111 642 1223 674 nam
1253 628 1443 681 indicet,
1483 626 1627 672 etiam
1664 640 1826 685 genus

1112 696 1283 739 narrat,
1319 703 1430 735 cum
1461 686 1717 732 subditur:
1759 687 1826 733 Et

1112 749 1290 794 saelum
1312 757 1384 794 est
1406 748 1599 792 verbum
1620 746 1823 792 Domini

1109 810 1174 854 ad
1190 807 1494 859 Ezechielem,
1513 806 1667 851 silium
1689 807 1822 859 Buzi,

1110 868 1420 915 sacerdotem.

1181 933 1253 988 R7.
1289 928 1443 986 Super
1492 938 1655 971 muros
1709 933 1826 972 tuos

1103 986 1366 1050 Jerusalem
1400 986 1627 1032 constitui
1661 986 1826 1032 custo-

1110 1048 1195 1092 des
1219 1061 1229 1092 τ
1281 1047 1452 1092 *Tota
1481 1046 1559 1090 die
1589 1053 1638 1090 et
1676 1046 1825 1091 noete

1110 1120 1207 1152 non
1241 1107 1466 1152 tacebunt
1499 1105 1698 1150 laudate
1736 1118 1825 1150 no-

1111 1180 1220 1212 men
1234 1167 1343 1211 Dni.
1393 1165 1823 1230 VPraediedbunt

1111 1227 1300 1285 populis
1334 1224 1609 1271 fortitudine
1639 1238 1817 1277 meam,

1110 1293 1159 1331 et
1195 1285 1545 1331 annuntiabunt
1581 1283 1825 1330 Gentibus

1012 1407 1018 1412 Ι
1108 1345 1310 1404 gloriam
1330 1358 1500 1392 meam.
1507 1345 1701 1391 —Tota
1721 1344 1814 1391 die.

1355 1444 1520 1491 Leelio
1544 1459 1582 1490 v.

1307 1523 1354 1567 D
1394 1522 1549 1581 prima
1597 1522 1820 1579 quaestio

1271 1583 1410 1628 nobis
1450 1582 1611 1634 oritur,
1653 1595 1738 1627 cur
1780 1583 1821 1628 is

1109 1656 1191 1702 qui
1213 1641 1331 1688 nihil
1350 1642 1509 1688 adhuc
1530 1642 1730 1695 dixerat,
1752 1643 1822 1687 ita

1110 1703 1304 1750 exorsus
1351 1711 1437 1756 est,
1497 1703 1660 1748 dicens
1684 1717 1695 1748 ε
1756 1704 1820 1748 Et

1110 1763 1289 1809 saelum
1341 1771 1414 1808 est
1472 1763 1522 1808 in
1572 1763 1820 1821 trigesimo

1110 1837 1251 1869 anno.
1318 1823 1394 1874 Et,
1421 1836 1631 1881 namque
1658 1836 1821 1868 sermo

1110 1882 1462 1941 conjuncstionis
1495 1890 1600 1928 est:
1644 1890 1692 1929 et
1729 1883 1820 1928 sci-

1110 1956 1228 1994 mus,
1257 1942 1371 2001 quia
1390 1955 1489 1988 non
1509 1941 1820 2000 conjungitur

1111 2016 1265 2048 sermo
1286 2002 1592 2060 subsequens,
1615 2003 1705 2047 nisi
1723 2016 1820 2047 ser-

1110 2062 1240 2109 moni
1292 2061 1607 2120 praecedenti.
1721 2062 1818 2117 Qui

1111 2122 1253 2180 igitur
1274 2122 1388 2167 nihil
1405 2122 1605 2174 dixerat,
1636 2135 1722 2167 cur
1746 2123 1818 2168 di-

1109 2183 1203 2227 cit:
1242 2182 1304 2227 Et
1341 2180 1521 2227 saelum
1562 2188 1669 2227 est:
1706 2195 1817 2228 cum

1110 2255 1204 2287 non
1218 2242 1279 2287 sit
1292 2254 1461 2293 sermo,
1481 2240 1559 2286 cui
1576 2241 1671 2287 hoc
1683 2242 1819 2299 quod

1109 2301 1286 2359 incipit,
1319 2300 1615 2359 subjungat?
1634 2300 1748 2356 Qua
1769 2302 1818 2346 in

1106 2375 1157 2407 re
1177 2360 1458 2407 intuendum
1478 2369 1564 2413 est,
1586 2362 1701 2431 quia
1731 2362 1818 2407 sic-

1107 2429 1160 2467 ut
1225 2434 1313 2468 nos
1388 2421 1668 2479 corporalia,
1750 2422 1818 2468 sic

1112 2481 1376 2586 Prophetae
1408 2494 1551 2527 sensu
1584 2480 1818 2540 spiritalia

1107 2554 1194 2599 asp
1211 2541 1369 2588 ciunt:
1422 2541 1585 2599 eisque
1635 2548 1684 2586 et
1735 2542 1818 2587 illa

1107 2608 1216 2646 sunt
1252 2600 1533 2659 praesentia,
1570 2614 1696 2658 quae
1732 2613 1816 2646 no-

1106 2668 1230 2706 strae
1266 2660 1565 2719 ignorentiae
1596 2659 1816 2705 absentia

1106 2719 1335 2766 videntur.
1407 2718 1553 2764 Unde
1583 2718 1649 2771 fit,
1684 2727 1738 2765 ut
1765 2720 1812 2764 in

1106 2786 1263 2824 mente
1333 2778 1677 2837 ProphetArum
1747 2778 1817 2823 ita

1104 2836 1362 2896 conjune‘ta
1383 2838 1475 2883 sint
1503 2837 1815 2883 exterioribus

1103 2897 1341 2954 interiora,
1388 2896 1624 2959 quatenus
1666 2895 1811 2944 simul
