2050 3392
366 295 437 346 40

417 400 482 462 V.
503 399 701 457 Respice
709 397 755 443 in
767 411 927 443 servos
938 404 1060 448 tuos,

364 461 486 512 Dfle,
505 469 552 505 et
569 461 617 504 in
629 459 775 517 opera
788 465 884 510 tua,
899 463 946 501 et
961 457 1069 501 diri·

363 535 425 579 ge
455 520 577 564 fssios
608 518 786 564 eorum.
810 518 883 575 R7.
915 517 977 560 Et
1007 516 1069 561 sit

364 580 590 638 splendor
603 579 698 622 Dffi
723 576 811 620 Dei
828 575 974 620 nostri
992 589 1070 619 su-

364 653 449 697 per
469 652 570 691 nos,
596 645 642 682 et
674 637 820 693 opera
840 634 1068 679 manuum

364 697 631 744 nostrzh‘um
649 695 797 752 dirige
813 707 1064 751 supernos,

364 766 412 803 et
425 771 547 826 opus
561 755 790 800 manuum
803 752 1071 799 nostratum

366 816 671 937 ἀίῖῗεὸιότῑα
686 873 826 919 Patri.
842 872 914 929 R7-
939 872 1071 918 sieut

366 942 481 981 erat.

454 1010 672 1058 OremuS.
792 1010 971 1057 Oratio.
983 1002 986 1003 ⁷

519 1083 800 1130 IRIGERE
829 1089 876 1128 et
900 1081 1075 1128 saneti·

365 1084 508 1250 p
548 1144 699 1196 ficere,
727 1143 887 1200 regere
918 1150 964 1187 et
986 1155 1073 1199 gu·

401 1203 562 1250 emere
608 1203 817 1261 dignere,
863 1201 1073 1246 Domine

369 1264 514 1316 Deus,
525 1264 624 1306 Rex
634 1262 751 1308 coeli
760 1269 807 1306 et
816 1269 978 1312 terrae,
987 1259 1073 1306 ho·

368 1324 445 1368 die
454 1324 599 1367 corda
612 1330 658 1366 et
676 1322 875 1379 corpora
889 1327 1064 1372 nostra,

368 1397 545 1434 sensus,
574 1381 826 1433 sermones,
855 1387 901 1425 et
932 1378 1071 1424 aetus

368 1450 554 1488 nostros
587 1441 634 1485 in
666 1441 769 1498 lege
801 1447 897 1490 tua,
934 1446 981 1483 et
1023 1438 1070 1482 in

369 1502 589 1559 operibus
611 1498 949 1544 mandatorum
966 1497 1072 1542 tuo-

368 1575 487 1613 rum,
502 1568 555 1604 ut
572 1559 661 1611 hic,
681 1567 726 1603 et
744 1559 790 1602 in
803 1557 1065 1608 aeternum,
1082 1612 1085 1615 Ι

372 1629 417 1665 te
438 1619 705 1670 auxiliante,
728 1617 842 1662 salvi
874 1624 919 1661 et
937 1616 1069 1660 liberi

370 1693 473 1725 esse
524 1677 800 1730 meredmur,
852 1675 1071 1722 Salvator

370 1739 534 1784 mundi
558 1754 566 1784 :
585 1738 678 1793 Qui
696 1738 809 1782 vivis
831 1745 878 1782 et
900 1750 1070 1794 regnas

371 1799 418 1843 in
440 1798 629 1844 saecula
650 1797 963 1843 saeculorum.
983 1796 1057 1852 R?-

370 1858 538 1902 Amen.

425 1915 490 1976 W.
507 1917 648 1980 Jube‚
672 1917 860 1968 domne,
881 1914 1075 1961 benedi-

371 1990 487 2022 cere.

430 2032 718 2083 Benedictio.
751 2034 863 2080 Dies
878 2042 925 2080 et
937 2034 1076 2079 actus

370 2103 557 2141 nostros
579 2095 627 2140 in
648 2108 737 2140 sua
767 2109 885 2153 pace
916 2094 1076 2152 dispo·
1116 2120 1118 2123 >

370 2164 453 2202 nat
487 2155 723 2201 Dominus
753 2154 1070 2215 omnipotens.

367 2217 439 2274 R7.
470 2216 639 2262 Amen.

425 2277 503 2321 Ad
533 2274 894 2320 Absolutionem
929 2272 1069 2330 Capi-

367 2337 447 2382 tuli
472 2337 520 2381 in
553 2334 814 2380 Dominicis
847 2341 892 2378 et
926 2332 1073 2377 Feriis

367 2411 450 2453 per
458 2397 664 2446 Annum,
688 2395 748 2438 ab
759 2393 944 2438 Octava
955 2393 1073 2436 Pen-

368 2463 572 2501 tecostes
592 2467 740 2514 usque
762 2454 826 2499 ad
847 2453 1073 2498 Adventu

367 2515 612 2561 exclusive.

538 2590 704 2637 Lectio
734 2589 898 2636 brevis.

488 2665 516 2696 2
547 2649 809 2695 Thessalon.
839 2647 900 2692 iii.
926 2647 965 2691 b.

526 2721 797 2766 OMINUS
828 2727 989 2764 autem
1011 2715 1082 2763 dl-

541 2781 664 2837 rigat
685 2781 831 2824 corda
846 2787 893 2824 et
913 2778 1083 2835 corpo·

375 2847 600 2884 ranostra
613 2840 659 2882 in
678 2838 904 2883 charitate
916 2838 1019 2889 Dei,
1035 2846 1081 2882 et

377 2897 604 2958 patientia
646 2898 833 2944 Christi.
891 2898 966 2942 Tu
998 2910 1082 2943 au-

914 273 968 326 A
977 274 1021 326 d
1048 273 1310 326 Tertiam.

1137 403 1246 448 tem,
1275 393 1494 447 Domine,
1518 393 1738 440 miserere
1759 408 1842 441 no·

1134 455 1222 500 bis.
1249 456 1325 515 137.
1359 454 1464 500 Deo
1484 454 1678 512 gratias.

1191 514 1305 561 Post
1339 514 1615 562 Lectionem
1647 516 1839 563 brevem

1131 575 1303 623 dicitur
1331 573 1395 634 V.
1425 572 1733 632 Adjutorium
1755 587 1845 619 no-

1136 642 1287 679 strum
1320 633 1369 678 in
1399 633 1593 678 nomine
1626 633 1737 678 Dfii.
1759 634 1834 694 R7.

1137 693 1231 750 Qui
1253 692 1363 737 fecit
1377 693 1562 737 coelum
1584 700 1631 737 et
1648 701 1838 738 terram.

1132 751 1195 812 ΧΤ.
1230 752 1514 798 Benedicite.
1538 754 1599 799 R?
1647 752 1796 798 Deus.

1194 813 1367 860 Bened.
1415 811 1554 856 Dfius
1585 825 1674 857 nos
1704 813 1849 856 bene-

1139 870 1280 924 dicat,
1307 879 1356 917 et
1377 871 1441 916 ab
1463 871 1592 916 omni
1616 872 1745 916 malo
1762 873 1846 916 de-

1136 931 1313 983 fendat,
1341 938 1388 976 et
1409 931 1472 976 ad
1495 931 1642 976 vitam
1673 930 1848 988 perdu-

1139 998 1214 1036 cat
1236 990 1477 1037 aeternam
1507 1004 1517 1034 :
1540 997 1586 1036 et
1610 990 1845 1036 Fidelium

1137 1049 1324 1095 Animae
1355 1063 1438 1107 per
1472 1049 1847 1096 misericordiam

1139 1109 1229 1154 Dei
1271 1109 1568 1166 requiescant
1609 1110 1658 1155 in
1707 1122 1841 1168 paee.

1134 1170 1205 1228 Εἴ.
1237 1169 1408 1214 Amen.

1260 1241 1345 1285 IN
1411 1241 1448 1284 F
1465 1241 1508 1285 E
1524 1241 1558 1287 S
1574 1241 1658 1286 TI
1679 1241 1713 1287 S

1330 1314 1413 1359 per
1444 1315 1637 1347 annum.

1196 1368 1309 1415 Post
1355 1369 1594 1415 Psalmum
1625 1369 1771 1420 Deus,
1796 1367 1847 1413 in

1139 1426 1332 1472 nomine
1378 1435 1484 1480 tu0,
1523 1430 1696 1475 dicitur
1739 1438 1841 1474 tan-

1133 1496 1235 1533 tum
1261 1488 1475 1534 Psalmus
1512 1486 1644 1532 Beati
1683 1488 1849 1533 imma-

1139 1546 1281 1592 culitti
1297 1556 1343 1593 et
1372 1546 1612 1593 Retribue.
1632 1546 1704 1603 35.

1194 1607 1378 1651 Deinde
1409 1607 1517 1652 Ana
1547 1615 1837 1665 competens,

1133 1674 1178 1712 et
1201 1668 1393 1726 reliqua,
1422 1675 1472 1712 ut
1495 1681 1641 1725 supra
1671 1668 1719 1713 in
1742 1668 1840 1711 Do-

1134 1728 1322 1772 minica.
1349 1732 1429 1785 2⁴9.
1441 1727 1537 1771 Sed
1559 1729 1607 1771 in
1631 1727 1840 1785 Duplici·

1134 1788 1233 1838 bus,
1272 1795 1317 1831 et
1350 1786 1471 1830 infra
1501 1786 1713 1832 Octavas
1744 1800 1838 1831 non

1135 1847 1357 1892 dicuntur
1381 1847 1562 1892 Preces.
1588 1846 1732 1891 Dicto
1763 1846 1847 1891 Be-

1140 1903 1416 1951 nedicitmus
1435 1904 1660 1957 Domino,
1673 1905 1842 1950 dicitur

1138 1965 1297 2010 Prima
1326 1966 1387 2009 de
1420 1964 1473 2011 B.
1514 1964 1683 2016 Maria,
1711 1966 1749 2009 si
1774 1965 1840 2008 di-

1135 2026 1290 2069 cenda
1328 2033 1417 2077 est;
1460 2031 1632 2081 postea
1670 2025 1841 2081 legitur

1139 2084 1538 2141 Martyrologium
1571 2084 1621 2128 in
1662 2085 1835 2128 Choro.

1139 2144 1323 2188 Deinde
1346 2144 1518 2187 dicitur
1538 2142 1601 2200 V.
1638 2141 1848 2187 Pretiosa

1137 2217 1245 2248 cum
1276 2203 1480 2259 reliquis,
1507 2211 1740 2260 utsupra.
1772 2216 1838 2270 39.

1195 2264 1273 2308 Ad
1303 2263 1669 2307 Absolutionem
1703 2261 1842 2318 Capt-

1139 2323 1221 2367 tuli
1236 2323 1283 2367 in
1300 2323 1450 2367 Festis
1464 2322 1635 2369 dicitur
1649 2322 1841 2383 Capitu-

1139 2383 1236 2428 lum
1261 2382 1445 2428 Nonae.

1309 2522 1386 2557 AD
1417 2521 1681 2557 TERTIAM.

1208 2581 1348 2626 Pater
1378 2589 1552 2625 noster.
1610 2580 1710 2625 Ave
1741 2578 1846 2623 Ma-

1145 2640 1228 2687 ria.
1281 2641 1427 2691 Deus,
1463 2640 1512 2684 in
1542 2637 1841 2698 adjutorium.

1378 2709 1615 2768 Hymnus·

1296 2776 1438 2821 UNC
1491 2775 1667 2821 Sancte
1715 2773 1848 2818 nobis

1322 2836 1536 2894 Spiritus,

1155 2895 1319 2941 Unum
1344 2896 1471 2941 Patri
1492 2909 1602 2942 cum
1626 2893 1754 2945 Filio,
