2050 3392
464 235 576 288 Die
599 249 670 303 15
692 234 862 303 Nou,
888 237 949 289 S.
981 236 1298 303 Gerlrudtlr,
1337 236 1486 306 Virg.

278 367 356 426 R7.
390 370 585 427 Propter
604 368 859 421 veritatem,
885 377 930 415 et

210 427 649 481 mansuettidinem.
704 436 752 475 et
797 428 932 487 justi-

210 489 340 536 tiam
363 502 374 533 :
394 489 420 510 ἢ
434 489 496 534 Et
512 488 716 535 deducet
731 496 778 535 te
793 491 933 535 mira-

210 548 377 595 bssiter
389 548 584 595 dextera
596 557 692 594 tua.
731 547 791 604 717.
815 548 932 607 Spe-

210 609 290 655 cie
343 615 439 661 tua,
485 617 533 654 et
582 608 932 667 pulchritudine

210 676 304 715 tua
334 667 541 721 intende,
568 669 792 727 prespere
823 682 932 726 pro-

212 726 351 784 cede,
358 735 405 774 et
418 742 577 788 regna.
583 729 708 774 —Et
717 728 933 775 deducet.

464 818 629 864 Lectio
645 833 685 866 v

355 906 745 951 RIGESIMUM
804 906 931 952 aete.-

399 967 460 1011 tis
521 980 700 1011 annum
763 978 924 1024 agens,

215 1026 429 1085 primum
468 1025 789 1071 Rodardensis
829 1039 932 1071 mo—

214 1085 426 1137 nasterii,
453 1086 532 1130 ubi
564 1084 833 1143 religidsam
864 1086 931 1130 vi-

215 1154 321 1192 tam
363 1153 435 1191 est
484 1145 710 1203 professa,
757 1144 930 1191 deinde

216 1204 424 1263 Elpedia

215 1265 541 1323 quadraginta
567 1265 801 1311 annerum
823 1264 910 1323 spe

216 1326 302 1377 tio,
321 1338 381 1370 ea
399 1324 639 1377 charitete,
658 1324 922 1383 prudentia,

215 1394 263 1431 et
286 1384 515 1442 reguleris
535 1384 812 1443 disciplinae
832 1384 930 1430 stu-

217 1446 302 1491 dio
321 1458 497 1490 munus
512 1444 673 1496 obivit,
692 1453 744 1490 ut
756 1444 929 1491 coend-

214 1506 355 1550 bium
390 1503 636 1561 religidsae
682 1504 929 1562 perfeetid-

216 1566 292 1611 nis
339 1564 633 1610 domicilium
675 1564 922 1611 videretur.

220 1624 495 1681 Utrobique
542 1638 664 1677 vero,
712 1624 819 1670 licet
857 1638 928 1669 es-

214 1692 288 1731 set
323 1684 538 1731 emnium
567 1692 717 1731 mater
750 1692 796 1730 et
828 1699 929 1730 ma-

212 1745 381 1804 gistra.
470 1744 682 1790 emnium
768 1753 927 1790 tamen

213 1804 419 1850 minima
448 1804 608 1850 haberi
639 1805 840 1856 volebat,
870 1819 927 1850 ac

214 1863 506 1910 demissidne
534 1865 634 1923 pari
663 1865 926 1910 ministram

213 1939 267 1970 se
289 1923 555 1969 exhibebat.
605 1924 716 1979 Quo
736 1923 926 1971 liberius

216 1985 327 2029 Deo
348 1982 548 2035 vaceret,
575 1984 758 2042 vigiliis,
783 1985 926 2029 absti-

214 2043 395 2096 nentia,
420 2043 621 2102 aliisque
641 2044 925 2089 crucietibus

213 2116 394 2161 corpus
423 2103 585 2149 afflixit
609 2117 619 2149 :
649 2104 926 2162 semperque

214 2163 289 2209 sui
305 2163 484 2215 similiS‚
502 2177 689 2209 morum
703 2163 926 2209 innocen-

214 2224 349 2275 tiam,
395 2222 821 2275 mansuetudinem,
868 2238 925 2269 ac

214 2282 493 2341 patientiam
524 2283 745 2341 praetulit
765 2282 926 2340 singu·

211 2342 377 2388 ierem.
443 2342 771 2389 Proximerum
786 2342 923 2389 saluti

213 2401 347 2448 omni
379 2414 473 2459 ope
502 2400 697 2455 studuit,
723 2402 926 2460 piaeque

213 2474 358 2506 curae
408 2461 657 2518 copiesum
718 2461 924 2507 studium

211 2520 386 2566 retulit.
455 2521 614 2566 Divini
664 2521 839 2567 ameris
880 2522 922 2566 vi

210 2579 482 2638 frequentes
498 2581 763 2638 patiebatur
776 2581 924 2626 ecsta-

210 2654 305 2693 sess
337 2639 593 2685 altissimae
627 2653 688 2684 ue
714 2648 924 2685 contem-

208 2699 450 2758 platieniS,
471 2706 518 2746 et
531 2700 610 2745 div
631 2713 720 2745 nae
735 2699 923 2746 unidnis

209 2760 396 2806 donum
417 2758 639 2806 obtinuit.

287 2821 359 2875 R7.
375 2819 592 2866 Dilexisti
609 2819 855 2895 Justitiam,
875 2829 922 2867 et

209 2879 357 2928 odisti
388 2880 720 2938 iniquitatem:
756 2874 922 2925 *Pro-

313 3064 443 3110 Pars
463 3063 510 3108 A
518 3060 806 3108 ectumnalis.

426 1206 474 1250 ni
522 1218 710 1263 praeses
759 1204 937 1257 eleeta,·

910 1290 931 1299 -
993 1266 1397 1324 prosequebetur3
1439 1266 1501 1310 ab
1550 1265 1703 1323 eaque

1604 250 1700 305 545

995 369 1157 429 pterea
1175 370 1309 415 unxit
1330 377 1377 415 te
1398 369 1545 422 Deus,
1571 370 1709 415 Deus

995 436 1107 475 tuus
1125 429 1233 478 eleo
1252 429 1471 475 laetitiae.
1501 433 1561 490 ῨῙ
1589 430 1704 475 Pro-

995 498 1099 561 pter
1127 489 1382 542 veritatem,
1408 497 1454 534 et
1485 502 1704 535 mansue-

994 548 1223 602 tudinem,
1278 557 1325 597 et
1370 548 1617 609 justitiam.
1642 573 1703 584 —

999 609 1265 669 Propterea.

1226 701 1391 753 Lectio
1413 704 1468 750 vi.

1140 788 1185 833 T
1220 786 1439 834 meritum
1472 787 1702 846 acceptis·
1735 823 1740 828 .

1168 847 1317 893 simae
1357 848 1446 893 sibi
1497 861 1703 906 sponsae

995 904 1212 953 Christus
1235 907 1517 959 ostenderet,
1535 907 1583 952 in
1599 922 1702 953 cor-

994 966 1055 1011 de
1072 964 1318 1011 Gertrudis
1334 966 1595 1023 Juct'mdam
1612 967 1701 1012 sibi

993 1039 1096 1071 esse
1105 1026 1400 1072 mansionem
1412 1026 1610 1072 testatus
1617 1034 1702 1073 est.

994 1085 1255 1144 Deiparam
1282 1085 1527 1144 Virginem
1557 1086 1700 1131 veluti

993 1154 1208 1199 matrem,
1234 1154 1280 1191 et
1301 1145 1530 1191 curatrice
1544 1145 1701 1207 aJesu

992 1204 1238 1264 acceptam
1255 1205 1430 1264 pietete
1446 1206 1703 1263 praecipua

993 1327 1143 1371 multa
1152 1325 1335 1383 accepit
1343 1325 1587 1371 beneficia.
1608 1280 1701 1371 cIlir-

991 1400 1057 1444 ga
1096 1386 1440 1431 divinissimum
1474 1385 1701 1431 Euchari-

992 1446 1111 1491 stiae
1139 1445 1486 1491 sacramentum
1518 1453 1565 1490 et
1593 1459 1702 1503 pas-

992 1505 1173 1552 sienem
1184 1505 1379 1551 Demini
1392 1513 1527 1550 tanto
1538 1504 1702 1550 amere

991 1579 1103 1610 cum
1123 1565 1245 1622 grati
1267 1564 1412 1610 animi
1440 1578 1582 1609 sensu
1600 1564 1702 1610 affi-

990 1624 1216 1676 ciebetur
1234 1632 1285 1669 ut
1298 1624 1535 1669 interdum
1549 1623 1704 1670 uberi·-

991 1686 1081 1731 bus
1093 1683 1312 1744 lecrymis
1325 1683 1696 1742 perfunderetur.

993 1745 1235 1805 Justerum
1251 1743 1436 1790 animas
1487 1743 1701 1790 iaculati-

990 1807 1081 1850 bus
1093 1804 1298 1850 flammis
1310 1804 1427 1853 addi
1543 1804 1700 1862 quoti-

991 1864 1144 1910 diAnis
1160 1864 1399 1918 subsidiiS‚
1418 1872 1465 1910 et
1480 1865 1700 1923 precibus

985 1925 1198 1983 juvabat.
1254 1925 1412 1970 Multa
1440 1925 1505 1970 ad
1535 1925 1699 1972 confo-

990 1985 1192 2031 vendam
1234 1985 1459 2043 pietetem
1492 1986 1692 2044 scripsit.

990 2044 1270 2091 Divinarum
1292 2046 1434 2092 etiam
1456 2045 1698 2092 revelati&-

989 2119 1121 2159 num,
1162 2113 1208 2152 et
1245 2106 1525 2164 prophetiae
1566 2107 1697 2152 dono

989 2165 1169 2212 cleruit.
1197 2166 1415 2223 Denique
1432 2165 1698 2225 flagrantis-

989 2226 1111 2271 simo
1158 2227 1247 2271 Dei
1303 2225 1467 2271 amere
1551 2225 1690 2278 etius,

988 2298 1134 2342 quam
1162 2285 1332 2331 morbo
1366 2285 1511 2343 langu
1540 2298 1691 2338 scens,

988 2358 1118 2389 anno
1134 2345 1229 2389 Dfii
1251 2345 1500 2391 millesimo
1520 2344 1698 2388 ducen-

989 2402 1698 2462 tesimononagesimosecundo

989 2463 1084 2508 vita
1103 2462 1317 2510 decessit.
1365 2462 1609 2508 Mireculis
1631 2463 1700 2507 vi-

988 2536 1116 2575 vem,
1134 2530 1180 2567 et
1197 2531 1306 2580 post
1322 2531 1524 2568 mortem
1540 2536 1571 2568 a
1588 2523 1700 2567 Deo

988 2581 1218 2628 illustrata
1237 2589 1321 2627 est.

1054 2636 1128 2681 R7
1158 2640 1425 2688 Afferentur
1457 2641 1576 2700 Regi
1605 2640 1695 2687 vir-

986 2701 1144 2774 ἕίῐιειῆὕΓ
1157 2709 1267 2759 post
1298 2716 1417 2754 eam.
1450 2702 1694 2760 preximae

985 2761 1101 2834 eius,
1124 2752 1419 2808 Afferentur
1432 2762 1545 2808 tibi
1532 2776 1579 2808 111
1601 2762 1693 2809 lae-

986 2821 1103 2873 titia,
1159 2828 1207 2868 et
1256 2822 1556 2869 exultatidne.
1653 2820 1698 2871 Υ

985 2881 1153 2936 Specie
1169 2889 1264 2933 tua,
1284 2889 1331 2928 et
1349 2882 1698 2940 pulchritudine

1475 3062 1589 3112 2313

1673 3184 1928 3281 Γ
