2050 3392
400 252 624 322 Septem
649 249 876 303 Psalmi
895 251 1345 309 Paenitentiales.

130 383 209 421 tes
237 389 248 420 ε
282 375 313 401 ⁴*
355 381 404 419 et
445 373 587 419 dolos
626 379 730 418 tota
770 373 847 418 die

73 470 74 479 ,
131 433 512 480 meditabantur.

194 493 307 551 Ego
369 501 530 538 autem
600 499 846 550 tamquam

130 554 307 598 surdus
329 565 425 597 non
447 551 700 597 audiebam
722 552 778 595 ι’*
799 558 848 596 et

132 612 258 657 sicut
294 620 456 657 mutus
491 624 590 657 non
630 610 847 669 aperiens

131 684 189 717 os
210 684 364 717 suum.

193 731 258 776 Et
272 730 429 775 factus
442 743 547 775 sum
564 729 684 775 sicut
698 729 847 775 homo

131 802 234 835 non
243 789 449 834 audiens
456 790 547 835 :*et
557 802 653 833 non
664 789 848 834 habens

134 848 187 893 in
208 861 292 893 ore
314 861 402 893 suo
425 848 798 905 redargutidnes.

196 906 441 962 Quoniam
464 907 513 951 in
535 914 594 957 te,
623 906 842 958 deine,

225 965 324 1011 rfivi
349 980 360 1011 ε
383 966 412 991 ⁴*
434 973 486 1011 tu
507 965 731 1010 exAudies
751 979 842 1019 me,

219 1026 350 1071 mine
373 1024 508 1069 Deus
528 1037 676 1069 meus.

193 1085 326 1141 Quia
376 1085 475 1129 dixi
514 1097 525 1129 ε
578 1083 850 1142 Νεςιιέιηᾱο

133 1143 528 1202 supergaudeant
544 1143 658 1188 mihi
673 1145 849 1189 inimici

133 1203 233 1248 mei
256 1216 268 1248 ε
290 1205 320 1229 ⁴*
340 1210 390 1248 et
412 1203 528 1249 dum
549 1204 851 1250 commoven-

135 1270 218 1308 tur
256 1263 409 1319 pedes
449 1263 557 1315 mei,
594 1277 737 1321 super
772 1277 849 1308 me

137 1334 322 1380 magna
343 1321 491 1368 locati
512 1331 635 1370 sunt.

197 1380 443 1436 Qucsniam
471 1396 564 1440 ego
591 1384 638 1428 in
659 1383 851 1442 flagella

136 1439 335 1508 paratus
344 1455 451 1487 sum
460 1443 550 1488 :*et
564 1443 702 1488 dolor
713 1455 849 1487 meus

133 1512 187 1544 m
207 1501 472 1560 conspectu
488 1515 597 1548 meo
613 1515 813 1560 semper.

200 1558 443 1615 Quoniam
548 1561 847 1619 iniquitatem

141 1632 304 1665 meam
352 1621 651 1666 annuntiabo
688 1634 698 1665 z
732 1621 761 1646 ⁴*
802 1628 851 1664 et

143 1692 205 1726 co
241 1679 369 1727 'tabo
390 1693 477 1739 pro
499 1680 698 1739 peccato
719 1692 845 1726 meo,

231 1740 392 1785 nimici
442 1748 604 1785 autem
651 1741 744 1785 mei
786 1740 852 1784 vi-

142 1806 275 1850 vunt,
327 1807 377 1844 et
424 1798 689 1845 confirmati
740 1807 850 1843 sunt

145 1869 290 1915 super
303 1872 380 1903 me
404 1859 460 1904 τ’
481 1867 529 1904 et
551 1858 850 1917 multiplicati

144 1924 254 1962 sunt
269 1918 349 1975 qui
361 1918 567 1964 oderunt
580 1931 656 1962 me
670 1918 845 1975 inique.

205 1975 301 2031 Qui
327 1978 593 2022 retribuunt
614 1977 744 2022 mala
763 1990 851 2034 pro

145 2035 299 2087 bonis,
326 2037 641 2081 detrahebant
663 2036 777 2080 mihi
795 2050 804 2081 :
822 2035 850 2061 ⁴*

136 2094 370 2152 qudniam
380 2095 614 2153 sequebar
621 2094 852 2140 bonitate.

206 2153 283 2198 Ne
303 2154 602 2213 derelinquas
631 2167 722 2205 me,
752 2154 852 2199 Do-

145 2212 274 2258 mine
316 2213 448 2258 Deus
487 2226 623 2259 meus
665 2228 675 2258 :
719 2214 747 2240 ⁴*
789 2226 850 2258 ne

144 2271 414 2317 discesseris
434 2286 464 2317 a
483 2286 576 2318 me.

207 2330 407 2377 Intende
459 2333 508 2377 in
560 2331 849 2389 adJ'utdrium

145 2402 320 2443 meum.
342 2389 370 2414 ¹*
392 2390 601 2437 deine
624 2390 756 2436 Deus
776 2404 849 2436 sa·

143 2448 256 2495 latis
274 2462 424 2495 meae.

202 2507 368 2555 Glcria
391 2508 533 2564 Patri,
561 2514 649 2551 etc.

365 2599 576 2644 Psalmus
599 2601 625 2644 1.

308 2688 330 2733 1
348 2688 383 2734 S
398 2688 442 2734 E
459 2687 501 2733 R
520 2688 562 2734 E
580 2687 622 2733 R
640 2687 684 2733 E
733 2687 841 2740 mei,

334 2747 480 2798 Deus,
507 2747 535 2773 ⁴*
581 2745 846 2794 secandum

137 2818 375 2913 W
475 2805 847 2853 misericdrdiam

236 3038 365 3084 Pars
385 3036 433 3081 A
441 3041 725 3088 utumnalis.

1484 251 1618 306 ccix.

976 374 1041 419 Et
1065 373 1328 420 sectandum
1359 375 1624 425 multitt'idi-

916 446 1025 478 nem
1044 435 1352 481 miseratidnfi
1370 436 1571 489 matum,
1593 434 1622 462 ⁴*

917 493 1024 538 dele
1042 494 1345 550 iniquitatem
1367 508 1538 541 meam.

974 553 1197 610 Amplius
1226 554 1334 599 lava
1355 568 1431 600 me
1454 556 1515 601 ab
1535 556 1625 601 ini·

918 612 1101 669 quitate
1136 626 1245 658 mea
1274 628 1284 659 :
1318 615 1346 640 ¹*
1377 623 1425 659 et
1455 628 1485 660 a
1515 628 1624 673 pec-

918 670 1030 715 cato
1051 685 1161 717 meo
1182 675 1363 718 munda
1385 687 1474 719 me.

978 730 1220 784 Qudniam
1328 733 1623 790 iniquitatem

917 803 1075 834 meam
1107 804 1199 848 ego
1225 792 1466 850 cognbsco
1493 807 1503 837 ε
1527 794 1554 819 *
1574 800 1624 838 et

916 849 1166 907 peceatum
1186 865 1346 896 meum
1363 860 1530 897 contra
1544 865 1623 896 me

916 916 988 953 est
1010 923 1211 967 semper.

976 969 1085 1013 Tibi
1107 970 1197 1014 soli
1222 969 1426 1028 peccavi,
1454 977 1501 1015 et
1523 984 1624 1015 ma-

915 1027 1013 1072 lum
1036 1042 1198 1074 coram
1222 1037 1268 1074 te
1288 1029 1376 1074 feci
1399 1043 1409 1074 ε
1433 1030 1460 1055 ⁴*
1481 1037 1532 1075 ut
1550 1031 1623 1088 ju-

916 1087 1127 1132 stificeris
1139 1089 1188 1132 in
1203 1087 1499 1133 sermdnibus
1512 1089 1617 1140 tuis,

915 1154 964 1191 et
984 1147 1146 1191 vincas
1165 1161 1275 1192 cum
1292 1148 1531 1205 judicaris.

976 1206 1102 1251 Ecce
1144 1208 1270 1251 enim
1313 1208 1361 1252 in
1403 1206 1622 1264 iniquita-

915 1265 1041 1310 tibus
1069 1266 1328 1324 conceptus
1357 1279 1464 1311 sum
1493 1281 1502 1310 ε
1525 1267 1553 1293 ⁴*
1575 1273 1622 1311 et

915 1325 963 1369 in
977 1325 1187 1382 peccatis
1199 1325 1417 1383 concepit
1432 1339 1511 1371 me
1524 1339 1624 1370 ma·

918 1391 988 1429 ter
1008 1398 1128 1430 mea.
1428 1418 1458 1423 .-
1608 1409 1616 1423 1

937 1478 942 1480 v
976 1443 1103 1488 Ecce
1124 1445 1252 1489 enim
1281 1443 1530 1489 veritatem
1552 1444 1622 1489 di·

916 1502 1096 1548 lexisti:
1119 1502 1146 1529 ⁸*
1169 1503 1348 1548 incerta
1367 1511 1416 1548 et
1436 1502 1625 1549 occiilta

916 1562 1179 1619 sapientiae
1209 1570 1319 1607 tuae
1352 1561 1625 1607 manifesta-

915 1621 977 1665 sti
1000 1621 1131 1666 mihi,
1204 1654 1208 1659 »
1442 1652 1450 1657 .
1610 1631 1615 1634 ’

977 1679 1216 1738 Αερέτςεε
1238 1693 1315 1725 me
1336 1679 1562 1739 hyssdpm
1576 1686 1623 1725 et

918 1739 1192 1785 mundabor
1218 1754 1227 1784 :
1259 1738 1292 1776 ὕ.
1317 1739 1497 1784 lavabis
1527 1753 1619 1791 me,

919 1806 966 1844 et
989 1812 1132 1857 super
1153 1800 1309 1844 nivern
1331 1798 1601 1843 dealbabor.

976 1859 1177 1904 Auditui
1210 1872 1318 1903 meo
1350 1858 1486 1902 dabis
1509 1857 1627 1915 gau·

919 1918 1052 1962 dium
1070 1925 1118 1963 et
1134 1917 1418 1963 laetitiamz*
1436 1925 1483 1961 et
1498 1917 1626 1963 exul·

919 1976 1089 2022 tabunt
1111 1990 1221 2022 ossa
1242 1976 1501 2021 humiliata.

976 2036 1150 2081 Averte
1200 2036 1369 2081 faciem
1422 2044 1554 2080 tuam
1595 2049 1626 2081 a

918 2095 1126 2153 peccatis
1146 2097 1265 2141 meis
1287 2110 1297 2140 ε
1320 2097 1347 2122 ⁴*
1378 2102 1426 2140 et
1458 2108 1625 2140 omnes

917 2154 1188 2212 iniquitates
1208 2169 1341 2201 meas
1361 2155 1480 2200 dele.

977 2214 1075 2259 Cor
1091 2216 1322 2259 mundum
1340 2227 1449 2259 crea
1463 2215 1510 2258 in
1527 2225 1618 2265 me,

919 2273 1050 2318 Deus
1073 2288 1082 2318 :
1101 2275 1128 2300 ⁴*
1150 2282 1195 2318 et
1213 2274 1427 2331 spiritum
1442 2272 1625 2317 rectum

917 2332 1092 2388 innpva
1113 2333 1160 2376 in
1182 2332 1436 2377 visceribus
1456 2330 1589 2376 meis.

978 2391 1056 2437 Ne
1084 2392 1305 2449 projicias
1339 2403 1416 2435 me
1444 2403 1474 2434 a
1505 2389 1625 2434 facie

918 2458 1001 2496 tua
1023 2464 1035 2495 ε
1058 2448 1085 2474 *
1107 2457 1155 2495 et
1172 2450 1387 2507 spiritum
1405 2448 1624 2506 sanctum

917 2518 1052 2556 tuum
1075 2522 1134 2553 ne
1155 2508 1340 2554 auferas
1360 2521 1390 2552 a
1411 2520 1501 2552 me.

979 2569 1147 2613 Redde
1169 2568 1284 2613 mihi
1306 2567 1535 2612 laetitiam
1551 2579 1625 2611 sa·

917 2628 1082 2674 lutaris
1103 2627 1170 2672 tui
1188 2641 1197 2671 :
1214 2625 1241 2650 ⁴*
1253 2635 1301 2671 et
1316 2625 1485 2684 spIritu
1500 2626 1625 2684 prin-

915 2686 1056 2745 cipali
1077 2686 1310 2732 confirma
1328 2698 1419 2731 me.
1538 2715 1543 2721 ·

976 2745 1178 2792 Docebo
1213 2744 1402 2803 iniquos
1433 2743 1531 2790 vias
1552 2750 1625 2791 tu·

913 2819 995 2852 as:
1011 2806 1041 2831 ⁴*
1057 2811 1105 2850 et
1126 2803 1259 2862 impii
1280 2804 1344 2849 ad
1366 2810 1413 2849 te
1431 2813 1623 2851 conver*

915 2864 1088 2911 tentur.
1556 2895 1561 2901 .
