2050 3392
439 257 608 328 Infra
635 258 808 312 Heba'.
836 260 1131 314 secundam
1159 260 1512 330 Septembris.
1603 276 1699 331 179

207 397 370 447 solus,
402 401 453 439 et
485 407 587 439 non
618 392 829 438 comedit
864 407 949 451 pu·

206 456 367 515 pillus
391 468 453 499 ex
476 468 570 498 ea:
593 454 707 511 quia
722 454 784 498 ab
799 454 949 498 insan-

211 517 293 561 tia
323 528 439 560 mea
471 514 621 559 crevit
654 527 842 558 mecum
864 514 949 557 mi-

213 575 440 621 seratio:
465 582 517 619 et
540 575 603 618 de
623 573 762 617 utero
784 574 947 617 matris

215 650 361 681 meae
383 634 585 692 egressa
604 641 679 677 est
700 646 902 677 mecum.

285 700 352 744 R*
381 695 550 749 Quare
566 693 838 737 detraxistis
854 705 949 736 ser-

209 756 449 801 monibus
467 753 701 797 veritatis:
719 752 813 796 ad
803 766 946 795 incre-

137 823 142 856 1
210 815 442 873 pandum
467 814 616 857 verba
630 811 938 882 componitis.

137 867 143 962 i
209 883 268 920 et
289 873 570 919 subvertere
593 871 800 915 nitimini
830 871 945 915 ami-

211 948 332 979 cum
362 932 611 977 vestrum?
637 933 663 958 ¹⁶
695 930 943 975 Verumta-

211 1008 333 1039 men
389 1007 485 1038 uae
510 989 771 1059 cogitastis,
792 990 946 1047 exple-

351 1008 414 1100 ἓ.
452 1052 604 1106 Quod
638 1050 817 1118 justum
854 1057 939 1101 est,

1241 412 1411 460 Lectio
1444 414 1486 459 ii.

1152 482 1265 528 UIS
1308 480 1541 528 conclusit
1588 485 1720 530 ostiis

1176 557 1320 594 mare,
1348 544 1544 601 quando
1571 558 1722 589 erum-

1011 615 1044 659 p
1105 609 1155 647 at
1171 604 1306 660 quasi
1325 604 1386 648 de
1404 604 1543 647 vulva
1559 604 1722 661 proce-

1012 662 1154 706 dens:
1173 676 1281 706 cum
1299 663 1525 720 ponerem
1545 665 1720 708 nubem

1011 721 1294 767 vestimentu
1316 724 1430 780 ejuS,
1454 730 1500 767 et
1517 723 1718 780 caligine

1013 780 1126 825 illud
1148 782 1281 839 quasi
1301 782 1471 839 pannis
1488 782 1717 828 infantiae

1010 840 1350 886 obvolverem?
1410 841 1715 888 Circumdedi

1011 899 1126 943 illud
1141 899 1348 945 terminis
1366 902 1497 953 meis,
1512 909 1559 946 et
1575 902 1714 961 posui

1012 958 1210 1010 vectem,
1237 966 1284 1003 et
1316 960 1477 1006 ostia:
1499 968 1546 1006 et
1581 963 1714 1007 dixi:

1015 1018 1182 1076 Usque
1214 1018 1306 1063 huc
1336 1020 1508 1072 venies,
1542 1028 1589 1066 et
1620 1035 1717 1066 non

1009 1078 1240 1136 procedes
1280 1078 1358 1123 am
1362 1079 1498 1137 plius,
1544 1088 1592 1125 et
1642 1081 1717 1125 hic

1008 1137 1281 1196 confringes
1295 1139 1529 1184 tume'ntes
1545 1139 1718 1185 fluctus

1010 1206 1130 1244 tuos.
1159 1199 1409 1255 Numquid
1431 1207 1538 1256 post
1559 1208 1717 1245 ortum

1010 1265 1143 1302 tuum
1177 1259 1454 1316 praecepisti
1487 1259 1710 1311 diluculo.

1009 1325 1053 1361 et
1078 1319 1327 1363 ostendisti
1343 1319 1541 1364 aurorae
1558 1319 1716 1363 locum

1009 1378 1181 1421 suum?
1227 1378 1289 1423 Et
1321 1378 1508 1423 tenuisti
1544 1377 1718 1423 concu-

141 1123 146 1156 ;
208 1101 447 1171 judicate,
477 1119 528 1157 et
564 1123 665 1155 non
702 1110 944 1154 invenietis

215 1174 272 1218 in
334 1173 505 1229 lingua
565 1184 677 1215 mea
729 1169 944 1232 iniquita

141 1163 150 1356 l
217 1241 335 1277 tem.
343 1229 769 1275 —Verumtamem
827 1229 942 1278 Glo-

218 1292 293 1337 ria
313 1292 457 1336 Patri.
527 1288 886 1334 Verumtamen.

319 1460 523 1504 FERIA
566 1457 853 1513 QUINTA.

412 1536 484 1580 De
507 1535 630 1579 libro
643 1534 758 1597 Job.

257 1624 462 1675 Lectio
452 1639 481 1670 1.

586 1618 698 1676 Cap.
724 1617 907 1664 xxxviii.

381 1701 943 1748 .‘''ESPONDENS

309 1764 402 1823 ³¹25·
444 1763 456 1822 ἒξ
498 1770 662 1808 autem
709 1761 942 1808 Dominus

242 1852 245 1853 ν
280 1837 363 1879 252-
387 1867 401 1881 „
435 1839 457 1884 ⁴}
489 1823 594 1892 Job
633 1821 695 1866 de
737 1820 936 1871 turbine.

318 1884 327 1887 “
388 1886 401 1889 “
432 1890 456 1926 1)
498 1882 671 1927 dixit.
662 1880 831 1937 ·Quis
871 1888 942 1924 est

219 1947 315 1989 iste
383 1942 627 1987 involvens
690 1941 943 1984 sententias

219 2003 531 2049 sermonibus
549 2000 812 2058 imperitis?
852 2000 945 2043 Ac-

219 2065 370 2120 cinge
384 2063 505 2106 sicut
522 2062 593 2104 vir
609 2061 798 2104 lumbos
815 2066 942 2103 tuos:

218 2121 536 2178 interrogabo
559 2127 621 2171 te,
645 2127 692 2163 et
709 2119 945 2176 responde

219 2183 360 2228 mihi.
391 2181 491 2226 Ubi
513 2193 622 2224 eras
643 2179 839 2236 quando
860 2192 945 2236 po-

220 2244 404 2287 nebam
421 2238 742 2285 fundamenta
758 2246 907 2283 terrae
924 2239 944 2284 P

218 2303 390 2347 indica
411 2300 542 2350 mihi,
572 2299 610 2342 si
634 2298 783 2342 habes
809 2299 943 2342 intel-

159 2396 162 2405 .
220 2360 490 2434 ligantiam.
505 2359 628 2413 Quis
640 2357 800 2426 posuit
814 2371 944 2402 men-

158 2424 164 2439 *
220 2434 364 2467 suras
381 2420 498 2476 eJu5‚
516 2419 555 2463 si
574 2427 699 2462 nosti
715 2418 823 2462 Pvel
838 2419 943 2474 quis

222 2481 433 2527 tetendit
452 2492 595 2535 super
612 2491 719 2521 eam
736 2477 945 2522 lineam?

161 2536 164 2549 '
221 2541 386 2598 Super
405 2552 506 2596 quo
527 2539 668 2582 bases
696 2537 816 2581 illius
838 2536 944 2582 soli·

222 2601 376 2646 datae
397 2606 511 2642 sunt
531 2598 552 2641 ?
571 2604 654 2641 aut
674 2596 779 2654 quis
798 2597 943 2641 demi-

221 2661 285 2705 sit
301 2658 513 2715 lapidem
537 2656 809 2712 angularem
823 2657 936 2714 ejus,

221 2732 344 2765 cum
386 2730 466 2761 me
505 2716 754 2761 laudarent
806 2717 942 2761 simul

220 2787 366 2824 astra
376 2776 625 2827 matutina.
634 2784 680 2820 et
690 2775 942 2834 Jubilarent

223 2849 406 2885 omnes
426 2835 511 2879 filii
535 2836 623 2880 Dei
645 2837 666 2880 ?

291 2905 372 2961 RJ.
391 2896 442 2940 Si
464 2896 603 2945 bona.
629 2910 725 2954 173.
773 2936 776 2937 a

1010 1437 1130 1481 tiens
1181 1437 1391 1482 extrema
1448 1446 1612 1489 terrae,
1669 1444 1717 1482 et

1008 1497 1251 1541 excussisti
1276 1496 1449 1555 impios
1470 1511 1528 1542 ex
1549 1511 1608 1542 ea
1626 1497 1648 1542 Ρ

1068 1559 1142 1604 Rv.
1160 1556 1444 1614 Antequam.
1476 1570 1571 1613 174.

1230 1635 1398 1682 Lectio
1436 1637 1496 1684 iii.

1156 1704 1598 1749 ESTITUETUR
1661 1712 1715 1750 ut

1037 1714 1065 1817 Ι
1110 1708 1145 1866 ἐ
1184 1762 1336 1807 lutum
1403 1763 1712 1820 signaculum,

1010 1827 1058 1867 et
1073 1830 1115 1867 st
1183 1822 1218 1867 it
1232 1822 1352 1867 sicut
1367 1823 1715 1868 vestimentum:

1008 1882 1261 1927 Auferetur
1273 1883 1335 1928 ab
1348 1882 1502 1941 impiis
1517 1884 1595 1927 lux
1612 1897 1709 1935 sua,

1009 1950 1057 1986 et
1077 1942 1324 1987 brachium
1347 1943 1582 1988 excelsum
1604 1957 1716 1988 con-

1010 2002 1251 2059 fringetur.
1339 2003 1587 2061 Numquid
1646 2004 1715 2047 in-

1008 2061 1197 2118 gressus
1219 2076 1269 2106 es
1290 2062 1527 2119 profunda
1554 2063 1709 2112 maris.

1008 2129 1056 2165 et
1078 2122 1126 2166 in
1147 2121 1412 2166 novissimis
1444 2122 1602 2180 abyssi
1635 2123 1717 2166 de-

1009 2181 1260 2226 ambulasti
1279 2183 1298 2226 ?
1318 2181 1566 2239 Numquid
1583 2181 1718 2239 aper-

1009 2248 1085 2285 tae
1107 2248 1216 2285 sunt
1239 2241 1320 2285 tibi
1343 2250 1510 2299 portae
1529 2242 1711 2290 mortis,

1009 2308 1053 2344 et
1076 2300 1199 2345 ostia
1231 2301 1481 2346 tenebrosa
1517 2300 1718 2344 vidisti?

1012 2360 1259 2417 Numquid
1282 2359 1591 2404 considerasti
1613 2360 1718 2403 lati-

1009 2418 1222 2464 tudinem
1246 2427 1396 2463 terrae
1416 2419 1438 2462 ?
1459 2419 1618 2462 indica
1633 2418 1718 2462 mi-

1009 2479 1069 2531 hi,
1097 2480 1135 2523 si
1172 2479 1310 2530 nosti,
1339 2478 1515 2528 omnia,
1543 2478 1592 2521 in
1623 2491 1720 2534 qua

1008 2540 1082 2583 via
1102 2539 1183 2583 lux
1214 2537 1408 2588 habitet,
1435 2544 1482 2580 et
1506 2537 1718 2582 tenebra-

1007 2612 1111 2642 rum
1128 2598 1234 2654 quis
1250 2598 1382 2642 locus
1399 2596 1458 2640 sit
1479 2602 1555 2640 :ut
1573 2596 1719 2641 ducas

1008 2657 1383 2714 unumquodque
1406 2656 1470 2700 ad
1494 2655 1718 2701 terminos

1008 2730 1134 2768 suos,
1171 2723 1218 2761 et
1256 2716 1490 2773 intelligas
1525 2715 1716 2761 semitas

1008 2777 1183 2821 domus
1204 2776 1318 2832 ejus.

1070 2836 1310 2903 Rpouare
1319 2833 1600 2881 detraxistis.
