2050 3392
807 240 1219 295 Benedilliones
1242 238 1456 291 variae.

710 409 1171 502 lssenenistiu
1200 407 1555 506 mannus

554 556 626 595 Ac
660 556 932 594 RECEPTIO
963 553 1361 592 CONFRATRUM
1396 554 1443 589 B.
1469 552 1530 588 Π.
1555 551 1608 588 Υ.
1642 550 1725 586 ΒΕ

871 621 1076 658 MONTE
1106 618 1390 658 CARMELO.

729 692 921 749 Propria
941 691 1137 737 Ordinis
1158 689 1533 736 Carmelitarum.

450 770 700 813 Sodalitati
755 769 864 813 huic
923 780 1098 813 nomen
1167 771 1340 817 exa'udi
1385 770 1658 816 orationem
1706 785 1878 816 meam.

391 830 601 879 daturus,
625 829 730 884 ipso
752 829 830 872 die
851 828 913 872 ad
938 828 1097 884 poeni-
1167 826 1239 872 R<
1271 832 1334 875 Et
1362 831 1547 875 clamor
1573 844 1720 874 meus
1747 833 1815 875 ad
1842 841 1885 874 te

393 889 566 931 tentiae
598 897 743 944 atque
777 887 1100 931 Eucharistiae
1167 887 1341 937 veniat.
1366 883 1427 941 Y.
1450 889 1593 933 Dfius
1610 890 1877 934 vobiscum,

393 947 699 990 Sacramenta
718 948 987 996 accedat‚ut
1002 939 1098 1002 pl'e-
1170 945 1242 989 R·.
1271 950 1335 994 Et
1355 963 1466 993 cum
1487 950 1664 1007 spiritu
1688 961 1790 994 tuo.

395 1007 573 1049 nariam
601 1006 790 1062 Indulg.
812 1020 842 1049 a
868 1006 1014 1048 Paulo
1036 1004 1093 1049 V.
1413 1009 1637 1055 Oremus.

395 1079 672 1110 concessam
697 1066 862 1109 lucrari
887 1065 1054 1108 valeat.
1333 1067 1626 1113 ’SCIPIAT
1666 1077 1719 1112 te
1757 1068 1888 1113 Chri·
1922 1106 1925 1108 Α

453 1126 501 1168 Si
526 1125 622 1169 fieri
647 1133 819 1182 potest,
842 1124 1100 1181 Scapulare
1330 1136 1435 1172 stus
1462 1128 1513 1171 in
1542 1128 1754 1172 numero
1780 1127 1885 1172 fide‘-
1920 1147 1923 1176 ι

394 1184 775 1228 benedicendum
799 1193 867 1228 est
891 1183 954 1227 ad
971 1183 1105 1226 Alta·
1166 1185 1284 1230 lium
1315 1187 1530 1237 suorum,
1566 1196 1617 1231 et
1649 1201 1760 1238 nos,
1786 1188 1885 1231 licet
1921 1203 1924 1238 ῑ

394 1256 441 1285 re
456 1242 979 1299 BeatissimaeVirginis
995 1242 1105 1286 Ma-
1169 1246 1371 1302 indigni,
1413 1255 1463 1290 te
1503 1247 1805 1303 suscipimus
1843 1248 1884 1290 in
1921 1292 1922 1298 ,

393 1302 487 1345 riae
529 1303 589 1345 de
642 1302 810 1345 Monte
860 1301 1100 1353 Carmelo‚
1171 1305 1468 1349 orationibus
1498 1307 1699 1351 nostris.
1769 1307 1884 1351 Con-

392 1361 582 1403 duobus
604 1362 749 1403 cereis
771 1361 995 1404 accensis.
1171 1364 1312 1408 cedat
1350 1366 1436 1409 tibi
1474 1364 1616 1410 Deus
1652 1371 1745 1422 'per
1777 1365 1885 1409 Uni-
1921 1399 1922 1402 ,

452 1420 686 1463 Sacerdos
711 1419 1104 1477 superpelliceum
1169 1423 1384 1479 genitum
1398 1438 1558 1474 suum,
1575 1426 1884 1470 mediatorem
1923 1424 1924 1446 ³

395 1479 575 1529 induat,
600 1493 697 1522 una
717 1493 826 1523 cum
856 1478 980 1522 stola
1007 1479 1105 1522 albi
1173 1482 1263 1526 Dei
1304 1492 1353 1527 et
1388 1483 1665 1535 hominum,
1710 1495 1882 1541 tempus

396 1538 578 1582 coloris.
872 1581 879 1588 ,
1171 1542 1295 1586 bene
1328 1542 1533 1593 vivendi,
1567 1544 1741 1588 locum
1775 1545 1881 1587 bene

447 1597 1107 1654 Genuflexoquihabitumre-
1169 1601 1361 1658 agendi,
1402 1603 1741 1648 constantiam
1779 1605 1885 1649 bem

398 1657 526 1714 cipit.
549 1658 784 1706 Sacerdos
805 1666 934 1705 stans
957 1657 1104 1704 dicat:
1171 1662 1520 1719 perseverandi,
1558 1674 1614 1708 et
1650 1665 1720 1710 ad
1754 1664 1884 1708 aeter·

535 1721 936 1774 USCEPIMUS,
952 1721 1100 1772 Deus,
1171 1735 1262 1765 nae
1284 1722 1408 1765 vitae
1424 1722 1784 1769 haereditatem
1798 1723 1881 1768 fdi-

561 1782 934 1829 misericordiam
970 1788 1104 1826 tuam
1173 1780 1290 1825 citer
1315 1781 1667 1838 perveniendi:
1702 1793 1753 1829 et
1776 1783 1872 1827 sicut

397 1841 448 1887 in
466 1840 630 1888 medio
649 1843 811 1900 templi
829 1842 922 1887 tui:
940 1840 1107 1885 secun·
1172 1853 1262 1885 nos
1281 1840 1427 1884 hodie
1449 1840 1671 1887 fraterna
1696 1842 1868 1888 elafius

399 1902 517 1946 dum
554 1915 731 1947 nomen
766 1910 917 1953 tuum,
953 1901 1101 1952 Deus,
1174 1899 1479 1957 spiritualiter
1515 1902 1689 1959 Jungit
1727 1904 1770 1947 in
1792 1910 1863 1945 ter-

399 1962 468 2005 sic
488 1970 535 2006 et
557 1961 662 2006 laus
685 1969 769 2006 tua
795 1962 844 2005 in
872 1960 989 2005 fines
1017 1972 1106 2005 ter·
1174 1958 1248 2011 ris,
1277 1959 1344 2003 ita
1372 1959 1539 2003 divina
1569 1962 1751 2018 pietas,
1771 1971 1867 2018 (με

400 2035 509 2065 rae:
537 2021 725 2077 justitia
789 2020 899 2065 lena
926 2028 997 2064 est
1027 2019 1107 2064 de·
1174 2017 1444 2063 dileo‘tionis
1494 2027 1569 2063 est
1623 2021 1808 2066 auch-ix
1833 2027 1872 2076 et

399 2088 533 2124 xtera
564 2087 659 2124 tua.
781 2081 879 2137 yrie
910 2079 1102 2123 eleison.
1177 2077 1392 2127 amatrix.
1420 2091 1511 2122 nos
1533 2092 1654 2124 cum
1684 2080 1873 2124 fidelibus

400 2138 587 2184 Christe
608 2137 798 2183 eleison.
830 2138 982 2195 Kyrie
1002 2137 1111 2183 elei·
1177 2136 1274 2181 suis
1296 2135 1591 2194 conjungere
1609 2137 1875 2196 digneturin

400 2212 503 2244 son.
559 2198 699 2243 Pater
715 2204 886 2248 noster,
904 2199 1103 2237 secreto.
1178 2195 1335 2240 coelis.
1362 2195 1645 2242 Pereumde
1655 2197 1874 2243 Chr'sstum

462 2247 523 2308 V·
552 2259 613 2302 Et
636 2271 695 2302 ne
716 2270 806 2302 nos
832 2254 1033 2302 inducas
1061 2256 1109 2300 in
1178 2255 1344 2300 Dnum
1365 2263 1601 2301 nostrum.
1631 2252 1869 2310 IVAmen.

402 2317 728 2363 tentationem.
801 2308 872 2366 IV-
919 2315 1015 2360 Sed
1057 2314 1111 2358 11-
1236 2304 1298 2365 W·
1329 2314 1651 2371 Adjutorium
1682 2324 1870 2362 nostrum

401 2378 520 2422 bera
545 2389 634 2422 nos
664 2390 695 2422 a
725 2375 868 2421 malo.
919 2365 980 2426 7-
1009 2373 1111 2419 Sal-
1177 2373 1227 2418 in
1262 2370 1456 2419 nomine
1496 2373 1614 2420 Dni.
1684 2369 1760 2429 IV.
1856 2370 1868 2380 ⁶

401 2451 515 2482 vum
535 2436 608 2482 sac
630 2449 818 2481 servum
839 2443 988 2480 tuum.
1031 2427 1104 2485 R?-
1176 2432 1285 2477 fecit
1314 2433 1494 2478 coelum
1515 2441 1565 2477 et
1587 2441 1780 2480 terram.
1845 2457 1857 2470 ·

405 2496 539 2541 Deus
574 2509 723 2547 meus,
757 2494 1029 2553 sperantem
1060 2492 1111 2537 in
1177 2492 1248 2537 Sit
1270 2504 1449 2537 nomen
1470 2491 1678 2538 Domini
1704 2487 1859 2540 bend(-

404 2564 466 2601 te.
531 2541 593 2602 V·
623 2555 765 2600 Mitte
795 2554 853 2605 ei,
880 2552 1104 2603 Domine,
1176 2550 1323 2595 otum.
1371 2543 1446 2602 R7·
1469 2551 1546 2595 Ex
1566 2551 1668 2597 hoc
1690 2555 1865 2601 nannet

403 2614 633 2660 auxilium
647 2615 709 2659 de
722 2612 905 2659 sancto.
1017 2638 1028 2647 -
1045 2611 1107 2655 Et
1177 2611 1385 2666 usquein
1395 2609 1663 2656 saeculum.
1683 2601 1750 2665 7.
1764 2609 1864 2659 me.

405 2675 466 2718 de
486 2674 601 2718 Sion
619 2672 750 2718 tuere
765 2685 888 2716 eum.
990 2697 1000 2708 ·
1022 2669 1109 2713 Ni·
1177 2669 1350 2722 exaudi
1394 2667 1668 2719 orationem
1718 2678 1865 2715 menm-

403 2733 470 2776 hil
490 2732 709 2788 proficiat
731 2730 950 2775 inimicus
966 2727 1014 2772 in
1030 2741 1102 2772 eo,
1177 2721 1249 2777 R?-
1281 2727 1343 2772 Et
1373 2728 1557 2773 clamor
1586 2741 1727 2773 meus
1751 2727 1810 2774 ad
1830 2733 1868 2772 te

402 2778 476 2834 R?-
506 2791 567 2834 Et
589 2790 714 2834 smus
729 2787 989 2846 iniquitatis
1010 2800 1108 2830 non
1176 2785 1347 2832 veniat.
1381 2775 1606 2838 Ἄθως,
1620 2786 1861 2834 vobiscum.

398 2848 614 2904 apponat
627 2847 798 2894 nocere
813 2847 871 2892 ei.
897 2837 960 2896 V·
978 2845 1102 2898 Dite,
1177 2839 1249 2896 1³7·
1277 2845 1341 2890 Et
1360 2858 1474 2891 cum
1490 2845 1668 2904 spiritu
1688 2852 1784 2892 tuo.
