2050 3392
230 267 621 338 DeejoSept„
639 267 702 323 S.
724 266 1289 340 Haeronym1,Presb
1312 272 1371 327 C.
1390 272 1468 330 D.
1494 287 1601 348 443

120 402 688 462 eloquentiainstrtitstus.
708 417 838 450 sum·
900 406 968 452 cis
986 405 1203 465 epistolis
1234 407 1493 455 scribendis
1525 411 1610 455 ad-

121 463 319 510 merum
357 464 688 522 theologerum
723 479 837 510 con·
895 420 1051 524 jt‘norp
1045 467 1146 513 fuit.
1181 468 1360 513 Verum
1381 482 1489 514 cum
1514 470 1610 527 pri-

121 522 384 570 suetudine
395 522 578 570 fleruit·
608 524 657 569 in
674 524 837 582 primis

121 597 237 628 vero
269 584 341 628 Gr
341 583 504 641 eger-io
538 583 836 629 Nazianzeno

123 643 514 701 Constantinepo
515 644 547 689 li
639 643 834 702 eperam

123 704 257 748 dedit
267 717 279 748 τ
288 717 389 760 quo
401 702 600 749 doetere
615 716 667 749 se
678 716 836 749 sacras

123 762 307 808 litteras
328 763 552 808 didicisse
571 762 830 820 profitetur.

123 822 255 867 Tum
285 822 525 880 religienis
554 835 701 868 causa
730 821 834 867 visit

126 882 303 928 Christi
322 882 519 928 Demini
531 883 828 933 incunabula.

124 942 378 1001 totamque
419 942 633 987 lustravit
672 942 835 987 Palae-

123 1001 316 1053 stinam,
337 1015 483 1059 quam
498 1001 837 1060 peregrinatie-

121 1075 250 1113 nem,
264 1061 492 1108 adhibitis
503 1061 834 1107 Hebraeerum

122 1121 470 1173 eruditissimis,
538 1122 601 1166 ad
673 1134 834 1166 sacrae

124 1180 399 1239 Scripturae
476 1180 834 1239 intelligentiam

123 1241 215 1286 sibi
254 1241 458 1287 multum
498 1240 732 1299 profulsse
768 1249 834 1287 te-

123 1301 292 1347 stamr.

183 1358 258 1417 Rj'.
290 1358 563 1406 Honestum
578 1360 686 1406 fecit
701 1360 832 1406 illum

125 1419 381 1472 Deminus.
399 1428 447 1466 et
457 1420 711 1467 custodivit
723 1434 832 1465 eum

124 1482 193 1526 ab
212 1480 426 1532 inimicis,
453 1487 500 1526 et
515 1493 547 1525 a
574 1480 835 1526 sedue‘teri-

123 1542 220 1586 bus
239 1539 410 1585 tutavit
429 1539 599 1586 illum:
588 1535 646 1565 ·³“
670 1541 733 1586 Et
753 1541 834 1586 de-

126 1601 201 1646 dit
214 1600 279 1645 illi
296 1599 558 1646 claritatem
574 1599 827 1646 aeternam.

120 1654 189 1716 V.
242 1659 436 1723 Justum
488 1658 683 1706 dedtixit
734 1660 835 1707 De-

126 1719 425 1888 ἓὶξξὲξῗιῖι
445 1720 834 1839 ἕέἴὲιῷῗὶὸἓ-
786 1729 833 1766 ‘³‘

363 1930 527 1976 Lee⁴ti0
549 1944 589 1975 v.

293 2019 338 2064 E
360 2019 380 2063 1
405 2018 452 2063 Ν
474 2017 522 2063 D
543 2018 587 2064 E
645 2017 834 2065 secessit

309 2079 358 2125 in
383 2123 388 2126 ,
422 2086 604 2123 vastam
672 2078 834 2137 Syriae

128 2138 463 2187 solitudinem:
484 2138 566 2183 ubi
585 2138 836 2196 quadrien-

128 2201 265 2247 nium
286 2200 335 2244 in
354 2198 557 2244 leetidne
569 2196 834 2244 divinemm

127 2260 370 2311 libi-erum.
397 2258 706 2315 coelestisque
726 2258 836 2302 bea-

129 2319 348 2366 titudinis
435 2317 837 2376 contemplatiene

130 2378 439 2437 consempsit.
457 2377 651 2422 assidua
664 2391 716 2423 se
730 2378 837 2423 abs-

130 2439 341 2489 tinentia.
363 2438 408 2482 vi
436 2437 763 2495 lacrymarum,
790 2446 836 2483 et

131 2499 280 2556 cerpo
281 2499 342 2543 ris
350 2496 653 2543 afflitstatidne
661 2495 838 2543 discru-

131 2560 277 2604 cians.
319 2557 565 2615 Presbyter
585 2570 615 2601 a
637 2557 837 2602 Paulino

133 2615 836 2687 EpiscopoAntiochiaei'aekus,

135 2679 340 2724 Romam
402 2678 462 2722 de
511 2676 839 2722 controversiis

134 2737 452 2797 quorumdam
489 2735 836 2793 Episcoperum

131 2812 240 2844 cum
263 2797 465 2844 Paano
497 2804 544 2841 et
568 2794 839 2853 Epiphenio

132 2860 195 2905 ad
244 2859 510 2904 Damasum
561 2853 837 2900 Pontificem

113 2955 118 2961 ·
137 2919 388 2979 profeetus,
418 2917 521 2976 ejus
559 2914 840 2961 ecclesie-sti-

900 527 1052 572 stinae
1085 527 1352 574 solittidinis
1373 529 1609 575 desiderio

899 587 1144 639 teneretur,
1197 588 1246 633 in
1290 588 1608 634 Palaestinam

900 646 1118 698 reversus,
1198 648 1474 694 Bethlehem
1541 650 1607 694 ad

901 705 1073 752 Christi
1096 706 1288 753 Demini
1312 709 1539 766 praesepe
1558 709 1607 754 in

900 766 1198 821 monasterio,
1228 769 1362 824 quod
1394 782 1424 814 a
1461 769 1610 815 Paula

901 824 1121 871 Romena
1168 827 1434 873 extruetum
1487 836 1601 881 erat.

898 885 1145 930 coelestem
1191 888 1452 943 quamdam
1484 889 1609 934 vitae

899 943 1129 990 ratienem
1142 945 1370 991 instituit
1379 955 1427 993 et
1441 961 1608 1005 quam-

898 1017 1044 1060 quam
1085 1004 1212 1050 verie
1256 1006 1435 1051 morbis
1474 1008 1611 1052 dolo-

897 1061 1122 1170 ribusqeig.
1191 1065 1466 1117 tentaretur.
1538 1075 1609 1112 ta-

1108 1124 1259 1181 rporis
1301 1125 1610 1171 incemmoda

898 1183 988 1240 piis
1020 1183 1275 1236 laberibus‚
1303 1192 1350 1230 et
1378 1186 1609 1243 perpetua

897 1243 1101 1349 Ξόδῖόιιε
1119 1257 1178 1290 ac
1193 1245 1448 1303 scriptiene
1467 1259 1608 1304 supe-

997 1363 1256 1411 ,Amavit
1297 1377 1407 1409 eum
1441 1365 1607 1412 Demi-

897 1376 1002 1474 nus,
1018 1430 1066 1468 et
1079 1424 1263 1469 ornavit
1276 1438 1386 1469 eum
1406 1426 1607 1471 :stolam

896 1482 1077 1539 gleriae
1098 1483 1252 1529 induit
1273 1497 1396 1536 eum,
1466 1485 1528 1530 Et
1543 1486 1607 1530 ad

896 1550 1063 1600 portas
1229 1543 1320 1588 disi
1364 1544 1606 1590 coronbtvit

898 1615 1022 1647 eum.
1094 1610 1156 1658 ,ss-
1190 1602 1352 1648 Induit
1373 1616 1482 1648 eum
1508 1604 1609 1649 De-

897 1661 1056 1720 minus
1074 1660 1271 1717 loricam
1298 1661 1424 1714 fidei.
1458 1670 1506 1708 et
1534 1675 1609 1708 or-

898 1720 1027 1766 nevit
1068 1722 1321 1767 eum.--Et
1349 1722 1413 1767 ad
1444 1731 1608 1780 portas

898 1780 1120 1839 paradisi.

1124 1869 1290 1917 Lezstio
1312 1869 1369 1917 vi.

1022 1958 1329 2015 AMQUAM
1355 1960 1419 2005 ad
1440 1957 1609 2006 ordeu-

1058 2019 1158 2064 lum
1170 2033 1229 2064 ex
1244 2019 1466 2066 &mnibus
1478 2020 1607 2065 orbis

898 2078 1408 2197 ἔιῖἱῖῗᾼέάέῗῖἒῗύὲἓ
1449 2080 1609 2197 ¹332ss

900 2198 1077 2244 stienes
1106 2198 1413 2256 explicendae
1442 2199 1609 2244 refere-

899 2257 1085 2312 bamur.
1153 2258 1294 2304 Illum
1368 2258 1607 2304 Damasus

902 2309 1135 2370 Pentifex.
1205 2319 1338 2362 illum
1413 2317 1609 2362 sanetus

899 2378 1197 2435 Augustinus
1229 2378 1290 2422 de
1330 2377 1446 2422 locis
1487 2376 1609 2421 Scri-

901 2437 1068 2496 pturae
1122 2436 1407 2481 difficillimis
1466 2448 1609 2493 saepe

901 2496 1151 2547 consuluit,
1179 2504 1372 2554 propter
1387 2495 1488 2553 ejus
1515 2494 1609 2539 sin-

902 2556 1114 2614 gularem
1137 2555 1418 2604 doetrinam
1447 2562 1493 2598 et
1522 2553 1608 2600 lin-

901 2629 1025 2673 guae
1046 2627 1145 2659 non
1166 2615 1320 2659 solum
1344 2613 1545 2658 Latinae
1560 2621 1606 2658 et

903 2677 1127 2725 Graecae,
1195 2675 1281 2719 sed
1344 2673 1609 2719 Hebraicae

901 2735 1047 2780 etiam
1075 2741 1124 2779 et
1153 2732 1442 2779 chaldaicae
1475 2733 1611 2779 intel-

903 2794 1172 2852 ligentiam:
1209 2801 1255 2838 et
1281 2793 1413 2851 quod
1440 2805 1611 2840 omnes

903 2868 1027 2912 pene
1075 2853 1340 2914 scriptdres.
1395 2853 1610 2912 ejusdem

903 2909 1166 2973 Augustini
1177 2913 1461 2965 testimenio,
1484 2913 1615 2971 lege-
