2050 3392
352 259 422 312 70

412 370 675 429 Accingere
695 370 857 429 gladio
877 380 963 417 tuo
983 384 1061 416 su-

353 445 439 501 per
453 432 605 477 femur
620 439 754 477 tuum
769 466 779 484 ,
789 433 815 457 ⁴*
833 430 1062 489 potentis-

354 505 486 537 snme.

414 551 581 608 Specie
612 559 695 595 tua
724 558 769 596 et
804 549 1062 607 pulchritfi-

354 611 465 656 dine
488 619 570 655 tua
587 610 613 634 ⁴*
635 611 838 662 intende,
867 609 1062 667 prospe-

354 683 405 715 re
425 670 641 727 procede,
669 678 715 714 et
736 683 896 726 regna,

417 730 615 787 Propter
692 728 950 779 veritatem,
1013 736 1063 773 et

355 789 779 841 mansuetndinem,
830 796 878 833 et
925 787 1063 845 justi-

354 850 472 894 tiam
495 848 547 894 t*
561 858 606 894 et
628 848 831 893 dedficet
855 855 901 893 te
922 848 1064 892 mira-

353 908 510 953 biliter
528 909 722 953 dextera
744 916 840 953 tua.

413 968 626 1024 Sagittae
649 976 758 1012 tuae
779 966 958 1019 acfitae,
976 965 1065 1024 ρό-

352 1027 451 1084 puli
475 1029 565 1071 sub
587 1036 633 1072 te
653 1025 875 1078 cadent,*
889 1027 938 1071 in
958 1040 1063 1072 cor-

353 1087 419 1131 da
438 1087 736 1132 inimicorum
758 1087 895 1143 regis.

414 1145 561 1190 Sedes
589 1153 684 1197 tua,
714 1147 859 1197 Deus,
887 1147 935 1190 in
960 1158 1063 1190 sae-

354 1205 514 1250 culum
531 1205 703 1250 saeculi
721 1220 730 1249 :
747 1204 773 1228 ⁴*
791 1206 923 1261 virga
942 1205 1064 1249 dire·

354 1264 527 1310 ‹stidnis
550 1265 681 1320 virga
701 1264 832 1320 regni
856 1264 937 1309 tui.

416 1324 633 1369 Dilexisti
639 1323 887 1381 justitiam,
902 1330 950 1367 et
957 1323 1063 1367 odi-

355 1385 414 1429 sti
437 1382 752 1441 iniquitatem:
768 1381 795 1404 ⁴*
812 1382 1065 1440 propterea

354 1443 489 1487 unxit
524 1451 571 1487 te
612 1442 742 1487 Deus
785 1442 917 1487 Deus
953 1450 1064 1487 tuus

356 1501 463 1547 oleo
485 1500 690 1546 laetitiae
706 1514 820 1558 prae
836 1500 1065 1546 consorti-

354 1561 447 1605 bus
468 1561 573 1605 tuis.

417 1620 627 1678 Myrrha,
647 1628 694 1665 et
707 1628 855 1677 gutta,
875 1628 922 1665 et
938 1619 1067 1665 casia

356 1693 388 1725 a
406 1680 697 1726 vestimentis
727 1680 831 1732 tuis,
859 1693 889 1725 a
910 1680 1065 1725 domi·

355 1740 447 1785 bus
477 1739 693 1785 ebt'trneis
720 1754 731 1785 :
755 1738 782 1764 ⁴*
802 1755 858 1784 ex
890 1741 1063 1797 quibus

356 1799 705 1844 delectaverunt
716 1808 761 1844 te
771 1799 895 1844 filiae
903 1813 1064 1857 regum

358 1859 407 1903 in
428 1858 607 1904 honore
629 1868 727 1904 tuo.

417 1918 580 1963 Astitit
621 1918 783 1974 regina
822 1931 853 1961 a
888 1918 1064 1963 dextris

358 1977 453 2023 tuis
475 1978 523 2021 in
543 1977 715 2022 vestitu
746 1978 974 2022 deaurato
1002 1992 1013 2023 ε
1036 1976 1063 1999 ⁴*

358 2036 651 2082 circtimdata
672 2037 905 2082 varietate.

416 2097 544 2141 Audi
566 2096 675 2148 filia,
703 2104 750 2141 et
780 2097 897 2148 vide,
925 2105 973 2142 et
994 2098 1064 2141 in—

358 2155 484 2201 clina
498 2169 661 2200 aurem
679 2165 829 2201 tuam:
845 2155 872 2178 ⁴*
884 2164 930 2200 et
946 2157 1064 2201 obli-

358 2215 535 2260 viscere
571 2215 802 2273 populum
839 2222 987 2268 tuum,
1015 2224 1063 2260 et

359 2276 558 2320 domu'm
580 2275 726 2331 patris
748 2276 830 2319 tui.

420 2335 481 2379 Et
511 2334 816 2391 concupiscet
847 2334 949 2378 Rex
981 2334 1063 2377 de-

358 2393 516 2439 corem
562 2402 698 2438 tuum
726 2407 735 2438 :
771 2393 798 2416 ⁴*
832 2394 1061 2450 quoniam

358 2454 459 2510 ipse
489 2460 559 2498 est
595 2453 732 2498 Dnus
769 2452 900 2497 Deus
932 2459 1055 2504 tuus,

357 2520 404 2557 et
426 2513 693 2557 adorabunt
714 2525 839 2556 eum.

419 2572 481 2616 Et
503 2571 628 2616 filiae
649 2571 764 2629 Tyri
785 2572 833 2615 in
861 2570 1064 2616 muneri-

357 2631 447 2676 bus
470 2629 496 2654 ⁴*
516 2631 699 2675 vultum
735 2638 871 2675 tuum
901 2632 1064 2687 depre-

357 2689 593 2734 cabt'mtur
619 2705 630 2735 :
679 2703 845 2735 omnes
894 2690 1063 2735 divites

357 2748 522 2805 plebis.

417 2806 587 2852 Omnis
622 2809 773 2864 gloria
805 2809 907 2867 ejus
939 2809 1065 2854 filiae

360 2865 505 2923 Regis
525 2867 589 2912 ab
608 2867 782 2921 intus‚*
803 2869 852 2914 in
863 2868 1066 2915 fimbriis

656 247 831 301 Feria
854 247 1023 300 tertia
1048 247 1133 300 ad
1148 246 1522 300 Matutinum.

1127 370 1281 416 eureis
1303 370 1669 417 circumamicta
1689 375 1860 420 varie-

1130 431 1322 476 tatibus.

1188 489 1503 535 Adducentur
1540 490 1663 548 Regi
1703 492 1863 551 virgi-

1132 563 1213 594 nes
1235 558 1345 606 post
1366 563 1475 594 earn
1502 563 1512 593 :
1540 549 1566 573 ⁴*
1589 551 1860 608 proximae

1132 608 1232 665 ejus
1253 609 1509 653 afferentur
1529 610 1631 654 tibi.

1190 667 1460 712 Afferentur
1479 669 1529 712 in
1567 669 1760 716 laetitia
1805 681 1859 718 et

1131 727 1420 772 exultatione
1448 742 1459 772 :
1482 726 1508 750 ⁴*
1540 729 1862 777 adducentur

1132 787 1181 831 in
1202 786 1436 843 templum
1460 787 1624 844 Regis.

1184 847 1277 890 Pro
1286 845 1502 904 patribus
1513 847 1607 891 tuis
1617 849 1721 892 nati
1735 858 1855 896 sunt

1134 907 1218 951 tibi
1250 905 1333 949 filii
1363 920 1374 949 :
1408 904 1434 928 ⁴*
1466 906 1741 954 constitues
1767 924 1858 955 eos

1132 966 1368 1023 principes
1384 978 1529 1022 super
1544 978 1750 1012 omnem
1761 976 1855 1014 ter-

1132 1039 1249 1070 ram.

1193 1083 1433 1129 Memores
1460 1092 1598 1129 erunt
1634 1085 1856 1133 nominis

1135 1145 1202 1189 tui
1224 1143 1251 1166 *
1272 1144 1321 1187 in
1361 1143 1494 1187 omni
1525 1146 1850 1199 generatione

1133 1211 1179 1248 et
1200 1202 1573 1260 generationem.

1195 1262 1452 1320 Propterea
1459 1263 1627 1321 populi
1643 1265 1852 1311 confite-

1133 1322 1310 1367 bt'mtur
1330 1323 1415 1367 tibi
1437 1324 1487 1367 in
1507 1323 1765 1369 aeternum
1785 1340 1797 1371 ε
1821 1325 1851 1349 ‘¹‘

1133 1389 1181 1427 et
1202 1383 1251 1427 in
1271 1383 1514 1426 saeculum
1536 1384 1736 1429 saeculi.

1209 1437 1576 1487 Ana-Eructavit
1585 1456 1672 1487 cor
1680 1457 1851 1489 meum

1134 1501 1331 1546 verbum
1353 1501 1550 1545 bonurn.

1207 1560 1285 1602 An
1291 1558 1321 1601 ti
1326 1557 1503 1615 phona.
1512 1560 1608 1618 Adj
1614 1560 1743 1609 t'xtor.

1346 1650 1563 1696 Psalmus
1583 1651 1676 1699 xlv.

1301 1739 1345 1784 E
1362 1739 1407 1783 U
1427 1738 1462 1784 S
1512 1749 1680 1785 noster
1721 1742 1847 1788 refi'l-

1313 1799 1460 1855 gium,
1492 1807 1543 1843 et
1584 1801 1735 1846 virtus
1763 1817 1774 1847 :
1818 1801 1848 1825 ⁴*

1134 1856 1324 1915 adjt'ttor
1353 1859 1402 1901 in
1432 1858 1841 1913 tribulationibus.

1133 1930 1258 1985 qnae
1309 1917 1587 1964 invenerunt
1637 1933 1729 1965 nos
1774 1922 1849 1966 ni-

1133 1990 1235 2022 m1s.

1194 2036 1450 2094 Propterea
1457 2050 1555 2082 non
1566 2038 1846 2085 timebimus

1132 2096 1248 2140 dum
1272 2097 1540 2141 turbabitur
1561 2104 1689 2142 terra
1712 2112 1722 2143 :
1745 2098 1772 2121 ⁴*
1793 2108 1843 2143 et

1133 2155 1471 2201 transferentur
1486 2166 1679 2203 montes
1695 2159 1742 2202 in
1758 2172 1845 2203 cor

1132 2228 1288 2259 mans.

1192 2273 1476 2325 Sonuerunt,
1525 2283 1574 2320 et
1617 2275 1841 2321 turbatae

1131 2341 1241 2378 sunt
1256 2347 1410 2390 aquae
1422 2333 1588 2379 eorum
1598 2333 1640 2379 θ’
1650 2343 1841 2381 contur-

1132 2391 1231 2436 bati
1248 2400 1359 2437 sunt
1374 2400 1562 2438 montes
1585 2394 1635 2438 in
1652 2395 1841 2441 fortitt'l·

1132 2452 1243 2495 dine
1263 2452 1377 2508 ejtts.

1192 2511 1420 2556 Fluminis
1444 2511 1654 2569 impetus
1675 2513 1841 2559 laetifi-

1132 2577 1209 2615 cat
1225 2570 1461 2616 civitatem
1482 2571 1571 2616 Dei
1597 2586 1608 2616 :
1627 2571 1653 2596 ⁴*
1668 2573 1840 2618 sancti-

1132 2629 1288 2674 ficAvit
1312 2630 1675 2677 tabernaculum
1698 2646 1837 2677 suurn

1131 2688 1417 2734 Altissimus.

1193 2749 1337 2801 Deus,
1361 2750 1408 2793 in
1431 2748 1592 2794 medio
1607 2752 1725 2808 ejus,
1741 2764 1836 2796 non

1132 2808 1510 2854 commovebitur
1524 2823 1535 2853 t
1547 2806 1574 2832 ⁴*
1587 2811 1835 2867 adjuvabit

1131 2881 1239 2915 eam
1261 2869 1394 2914 Deus
1428 2881 1572 2914 mane
1607 2870 1832 2916 dilaculo.
