2050 3392
418 246 590 314 Infra
621 247 796 301 Hebd.
828 250 1124 306 secundam
1150 252 1503 322 Septembm's.

1604 272 1698 326 177

179 383 353 428 verba
377 395 495 428 mea
517 384 685 430 d016re
707 394 819 432 sunt
841 387 940 446 ple·
1008 390 1231 439 ventium.
1296 395 1511 451 Abyssus
1560 398 1674 442 dicit
1701 412 1713 442 z

179 458 276 488 na.
287 443 422 488 —Et
446 443 711 491 calamitas.

439 513 609 561 Lee‘tio
633 513 696 560 iii.

359 596 591 642 OCEBO
618 612 704 643 vos
726 612 813 656 per
831 614 932 646 ma-

378 670 499 701 num
518 657 609 702 Dei
627 672 751 715 quae
764 659 933 704 Omni-

182 723 380 775 potens
403 716 598 770 habeat,
620 731 709 762 nec
730 719 932 764 abscdn-

182 778 332 821 dam.
419 776 561 827 Ecce,
620 791 707 822 vos
764 792 930 824 omnes

181 837 370 886 nostis,
403 845 450 880 et
487 837 608 893 quid
645 839 748 882 sine
784 852 929 883 causa

180 909 326 939 vana
347 896 606 952 loquImini
621 897 643 940 Ρ
696 898 835 942 Haec
856 906 926 943 est

180 969 312 1013 pars
360 955 574 999 hdminis
619 955 753 1014 impii
795 959 926 1015 apud

183 1016 383 1067 Deum,
401 1022 447 1059 et
466 1014 739 1061 haereditas
751 1018 926 1062 violen-

183 1074 379 1126 tdrum,
417 1088 567 1131 quarn
598 1076 662 1119 ab
694 1076 926 1134 Omnipo-
1013 1097 1014 1100 ¹

185 1134 334 1179 tente
373 1133 653 1191 susprient.
719 1136 769 1181 Si
807 1137 926 1181 mul-

187 1191 407 1250 tifilioeati
430 1193 608 1239 suerint
629 1194 713 1239 fssii
735 1196 849 1252 ejus,
876 1198 926 1242 in

187 1252 371 1311 gladio
422 1261 579 1306 erunt,
628 1263 677 1299 et
727 1256 926 1313 nepdtes

189 1312 304 1369 ejus
335 1326 438 1357 non
473 1312 818 1360 saturabt'intur
843 1329 927 1373 pa-

189 1385 276 1418 ne.
346 1372 444 1426 Qui
475 1371 645 1429 reliqui
675 1372 848 1420 fuerint
868 1390 925 1420 ex

189 1445 276 1483 eo,
313 1430 609 1489 sepelientur
638 1433 686 1476 in
717 1434 920 1487 interitu,

193 1498 253 1534 et
285 1490 462 1536 viduae
491 1491 618 1536 illius
646 1506 744 1545 non
771 1494 926 1551 plora-

192 1551 344 1595 bunt.
443 1583 446 1588 -

271 1610 345 1661 R7.
366 1610 530 1665 Quare
546 1611 815 1657 detraxistis
832 1628 926 1659 ser-

193 1670 433 1717 mdnibus
450 1670 679 1716 veritatis:
698 1674 761 1718 ad
776 1674 925 1720 inzre-

193 1731 426 1789 pandum
447 1732 596 1775 verba
620 1733 916 1790 compdnitis,

194 1798 248 1834 et
274 1790 555 1834 subvertere
580 1791 782 1837 nitimini
808 1793 924 1838 ami—

193 1863 317 1895 cum
348 1851 591 1894 vestrum?
619 1850 648 1877 ⁴*
673 1852 924 1897 Verumta-

193 1923 316 1953 men
396 1922 489 1953 uae
537 1909 795 1967 cogitastis,
842 1926 920 1956 ex-

195 1968 349 2026 plete.
393 2018 397 2025 ⁴
422 1969 452 2013 s.
469 1968 616 2022 Quod
633 1971 815 2026 justum
832 1979 917 2023 est,

188 2027 432 2087 judicate,
470 2036 518 2073 et
549 2043 648 2073 non
680 2030 922 2076 invenietis

194 2089 249 2132 in
272 2088 444 2143 lingua
464 2101 573 2133 mea
598 2089 662 2133 ini
696 2090 923 2135 nitate.—

194 2146 567 2193 Ven'imtamen.
702 2149 804 2195 dria
833 2151 922 2196 Pa-

196 2208 274 2253 tri.
342 2205 708 2253 Verumtamen.

309 2363 515 2408 FERIA
537 2364 806 2410 TERTIA.

143 2458 146 2467 ·
389 2435 463 2480 De
482 2436 604 2481 libro
618 2437 733 2500 Job.

141 2494 147 2561 ξ
235 2511 403 2559 Lecffio
428 2512 455 2557 i.
535 2512 648 2570 Cap.
675 2513 828 2559 xxviii.
855 2514 892 2560 b.

213 2593 275 2618 r—
410 2587 816 2634 APIENTIA
836 2591 918 2635 ubi

211 2645 245 2706 {s
362 2650 386 2661 ‘'
432 2647 434 2650 ⁴
474 2647 737 2693 invenitur?
752 2656 800 2694 et
813 2649 918 2706 quis

210 2705 389 2796 {3533
431 2727 434 2778 ἰ
473 2715 550 2752 est
582 2708 717 2776 iocus
754 2709 919 2778 intelli-

250 2787 433 2807 xssa
474 2766 694 2824 gennae?
751 2768 918 2815 Nescit

202 2824 360 2867 homo
379 2825 582 2882 pretium
602 2827 718 2885 ejuS,
740 2841 829 2873 nee
850 2829 919 2873 in-

203 2883 396 2929 venitur
415 2886 462 2930 in
483 2893 606 2932 terra
627 2886 834 2934 suaviter
853 2889 919 2934 vi-

1008 452 1120 497 Non
1142 461 1213 497 est
1236 454 1284 497 in
1307 467 1398 505 me,
1424 462 1471 498 et
1492 469 1622 500 mare
1646 458 1713 503 Ιό-

1004 512 1163 568 quitur
1182 527 1193 558 :
1242 513 1357 558 Non
1394 522 1467 558 est
1508 529 1707 562 mecum.

1005 571 1116 615 Non
1155 572 1348 617 dabitur
1382 587 1552 619 aurum
1588 575 1713 620 obri-

1001 644 1107 675 zum
1125 644 1213 688 pro
1230 646 1396 683 ea,nec
1411 635 1713 691 appendetur

1000 690 1249 747 argentum
1271 693 1319 736 in
1335 695 1712 740 commutatidne

1000 750 1112 806 ejus,
1136 751 1251 796 Non
1268 752 1535 799 conferetur
1551 755 1711 800 tinetis

1002 809 1168 854 Indiae
1184 810 1431 864 coldribus,
1454 827 1541 858 nee
1562 814 1709 872 lapidi

1000 870 1302 927 sardcsnycho
1349 873 1702 929 pretiosissimo,

1002 928 1075 973 vel
1095 930 1339 986 sapphiro.

1065 981 1138 1041 RV-
1162 988 1339 1035 Induta
1359 999 1443 1036 est.
1476 1004 1575 1050 175.

1237 1057 1401 1107 Letstio
1424 1061 1465 1106 ii.

1138 1136 1236 1182 ΟΝ
1277 1137 1624 1195 adaequabitur
1658 1142 1700 1187 ei

1151 1210 1321 1242 aurum
1336 1198 1407 1242 vel
1423 1200 1702 1252 vitrum,nec

993 1256 1413 1303 commutabuntur
1432 1273 1520 1317 pro
1541 1273 1600 1305 ea
1624 1275 1702 1306 va-

992 1327 1046 1358 sa
1077 1317 1194 1362 auri.
1261 1317 1462 1363 Excelsa
1498 1327 1544 1364 et
1585 1321 1702 1364 emi-

992 1373 1153 1419 nentia
1181 1390 1278 1421 non
1307 1378 1703 1424 memorabuntur

991 1436 1348 1492 comparatidne
1361 1438 1462 1494 ejus
1478 1453 1488 1482 ε
1501 1437 1702 1483 trahitur

989 1501 1152 1538 autem
1185 1495 1419 1553 sapientia
1450 1498 1512 1541 de
1544 1497 1701 1543 occul-

992 1553 1065 1599 tis.
1134 1554 1247 1599 Non
1277 1555 1626 1613 adaequabitur
1654 1558 1697 1603 ei

990 1610 1205 1669 topazius
1234 1615 1295 1658 de
1319 1615 1581 1671 AEthidpia,
1609 1631 1698 1662 nec

991 1671 1226 1717 tindh'irae
1354 1675 1698 1721 mundissimae

989 1731 1317 1787 componetur.
1398 1733 1542 1778 Unde
1583 1749 1699 1792 ergo

989 1790 1226 1847 sapientia
1247 1791 1410 1837 venit?
1428 1800 1477 1836 et
1499 1794 1603 1850 quis
1625 1802 1698 1840 est

989 1850 1122 1894 locus
1163 1849 1533 1909 intelligentiae?
1575 1854 1698 1900 Abs·

987 1909 1184 1956 cdndita
1204 1918 1276 1955 est
1297 1911 1360 1956 ab
1375 1911 1523 1958 deuiis
1543 1912 1694 1959 dmni-

986 1982 1070 2012 um
1144 1969 1410 2023 viventium,
1479 1971 1693 2020 vdlucres

987 2041 1180 2085 quoque
1201 2031 1319 2074 coeli
1342 2031 1467 2076 latet.
1533 2033 1695 2078 Perdi-

990 2088 1069 2140 tio,
1127 2096 1175 2133 et
1233 2103 1362 2135 mors
1421 2091 1638 2137 dixerunt
1682 2108 1692 2139 ε

985 2147 1192 2192 Auribus
1218 2149 1388 2195 nostris
1422 2151 1692 2197 audivimus

986 2207 1166 2252 sarnam
1188 2209 1301 2266 ejus.

1051 2264 1124 2323 ΕΖ.
1143 2267 1361 2314 Pancitas
1383 2268 1685 2329 dierum.175.

1214 2340 1378 2388 Lefflo
1419 2342 1476 2387 iii.

1143 2415 1270 2462 EUS
1310 2417 1530 2474 intelligit
1570 2418 1695 2463 viam

1165 2477 1280 2532 ejus,
1295 2484 1342 2520 et
1359 2477 1461 2533 ipse
1482 2477 1614 2521 novit
1629 2478 1697 2523 lo-

983 2546 1095 2577 cum
1116 2535 1252 2580 illius.
1313 2536 1424 2593 Ipse
1437 2537 1565 2580 enim
1579 2536 1695 2583 fines

983 2595 1149 2638 mundi
1181 2594 1402 2646 intuetur,
1431 2603 1479 2640 et
1512 2595 1687 2650 dmnia,

982 2665 1108 2709 quae
1128 2655 1217 2697 sub
1238 2655 1374 2699 coelo
1396 2662 1519 2706 sunt,
1548 2655 1693 2713 respi-

982 2712 1059 2767 eit.
1079 2712 1175 2767 Qui
1191 2713 1301 2759 fecit
1316 2715 1468 2759 ventis
1481 2717 1685 2772 pondus,

982 2778 1030 2815 et
1051 2785 1205 2828 aquas
1238 2774 1468 2831 appendit
1487 2775 1538 2819 in
1558 2789 1689 2820 rnen·

982 2829 1105 2874 sura.
1133 2831 1341 2885 Quando
1358 2834 1568 2891 ponebat
1585 2834 1689 2893 plu-

982 2890 1068 2934 viis
1084 2890 1254 2949 legem,
1272 2899 1320 2937 et
1336 2893 1460 2938 viam
1474 2894 1691 2952 procellis
