2050 3392
359 275 464 333 254

625 261 793 332 Infra
818 262 993 316 Hebd.
1019 262 1281 333 quintam
1307 256 1570 315 Oc‘lobnlr.

359 412 539 458 poenas
579 398 780 445 exolves.
834 398 940 456 Ego
979 412 1064 443 au·
1130 393 1427 449 talentermn,
1469 396 1532 441 de
1563 395 1844 453 captivitate

359 466 469 510 tem,
512 458 632 504 sicut
666 466 712 503 et
748 458 914 503 fratres
950 458 1057 508 mei,
1122 456 1419 519 Judaeorum
1440 454 1714 513 suppleret:
1746 462 1845 500 sta-

358 518 580 571 enimam,
608 526 656 564 et
690 530 863 575 corpus
902 530 1063 562 meum

359 579 497 623 trado
533 592 621 636 pro
655 577 819 635 patriis
850 575 1061 634 legibus:

359 637 586 683 Invocans
631 638 789 682 Deum
832 635 1064 684 matarius

356 698 487 755 genti
505 705 692 742 nostrae
707 696 966 755 propitium
982 696 1065 740 fie-

357 758 410 808 ri,
437 765 580 814 teque
605 770 714 801 cum
743 755 989 802 tormentis
1017 762 1065 800 et

357 815 627 860 verberibus
675 815 885 861 confiteri
931 815 1062 873 quod

359 874 460 933 ipse
482 882 552 920 est
575 875 709 920 Deus
731 875 874 920 solus.
910 876 966 921 In
989 888 1065 919 me

357 948 469 979 vero
510 942 556 979 et
597 934 646 979 in
687 934 906 979 fratribus
932 934 1065 979 'meis

358 994 540 1039 desinet
581 992 935 1052 omnipotentis
976 993 1058 1046 ira,

357 1066 482 1111 quae
530 1067 672 1112 super
721 1067 864 1099 omne
912 1066 1065 1111 genus

357 1120 573 1157 nostrum
610 1114 735 1171 juste
775 1112 1066 1170 superdt'le'ta

357 1179 442 1216 est.
500 1172 657 1217 ‘Tunc
707 1186 789 1217 rex
838 1171 1065 1217 accensus

358 1230 429 1275 ira
467 1231 515 1275 in
556 1231 684 1276 hunc
716 1244 858 1289 super
897 1244 1065 1275 omnes

359 1289 597 1335 crudelius
618 1291 841 1343 desaevit,
868 1289 1064 1347 indigne

357 1349 512 1395 ferens
533 1363 584 1395 se
604 1349 828 1395 densum.
894 1350 956 1395 Et
989 1351 1065 1395 hic

359 1409 520 1467 itaque
555 1409 764 1454 mundus
805 1408 934 1461 ebiit,
979 1424 1067 1469 per

357 1468 519 1513 omnia
558 1469 606 1513 in
649 1469 760 1513 Dno
800 1469 1059 1515 confidens.

359 1527 632 1573 Nov1ssime
644 1535 805 1574 autem
817 1537 927 1587 post
941 1530 1066 1575 fssios

357 1594 404 1632 et
425 1595 577 1634 mater
596 1586 882 1646 const'unpta
904 1597 988 1635 est.

412 1637 487 1699 R?-
546 1648 693 1707 Aperi
741 1648 908 1703 eculos
955 1657 1066 1694 tuos

360 1707 480 1759 Dfie,
528 1716 575 1754 et
612 1709 718 1754 vide
758 1709 1064 1757 afflietionem
1149 1752 1153 1756 Α

357 1777 570 1813 nostram
601 1783 610 1814 :
655 1769 1064 1815 circumdederunt

358 1840 447 1871 nos
483 1827 663 1887 Gentes
684 1830 745 1873 ad
767 1828 1063 1886 puniendum

358 1899 446 1929 nos
462 1900 471 1930 :
485 1880 512 1905 ᾖ
541 1887 635 1931 Sed
659 1895 711 1932 tu
734 1888 843 1933 Di'ie
863 1888 1064 1934 extende

356 1945 604 1990 brachium
646 1954 794 1999 tuum,
828 1955 876 1992 et
914 1948 1064 1993 Ubera

355 2004 540 2048 animas
562 2013 764 2051 nostras.
806 1997 1063 2065 W·Affl1'ge

356 2063 678 2119 opprimentes
700 2078 803 2118 nos,
824 2073 871 2110 et
896 2075 1063 2112 contu-

357 2122 546 2167 meliam
571 2123 796 2170 facientes
824 2125 873 2171 in
901 2126 1063 2184 super-

355 2181 498 2234 biam,
543 2190 588 2228 et
640 2184 827 2231 custodi
879 2194 1062 2244 partem

354 2244 676 2290 tuam.—Sed.
719 2238 901 2294 Gloria.
945 2244 1057 2291 Sed.

436 2387 637 2434 FERIA
683 2388 982 2445 QUARTA.

374 2455 448 2500 De
469 2458 587 2503 libro
610 2457 822 2503 sect'mdo
845 2457 1047 2504 Macha-

583 2517 826 2564 baeerum.

409 2582 575 2632 Lecstio
596 2582 625 2630 i.
725 2589 835 2649 Cap.
850 2589 952 2635 viii.
977 2605 1002 2635 c

363 2662 436 2705 “5¹'‘
455 2663 527 2712 ’.ζ
570 2660 688 2708 ΟΝ
704 2660 796 2707 ST
813 2662 833 2706 1
849 2662 893 2706 T
912 2662 958 2706 U
978 2662 997 2707 1
1015 2663 1060 2707 T

432 2733 435 2744 ’
457 2739 481 2753 .-
512 2728 514 2730 ’
570 2731 571 2747 ¹
617 2728 777 2767 autern
826 2721 1051 2774 Nicenor,

371 2819 382 2836 ,
429 2797 479 2842 ζ
616 2788 667 2825 ut
688 2781 787 2839 regi
811 2780 1050 2833 tribtitum,

364 2847 410 2873 s
615 2840 746 2895 quod
827 2840 1057 2888 Romanis

352 2901 451 2938 ΨΜ
496 2894 722 2953 dandum,
770 2901 869 2948 duo
908 2902 1058 2948 millia

1130 516 1311 574 timque
1342 516 1406 561 ad
1435 514 1702 559 maritimas
1732 513 1844 559 civi-

1130 575 1252 620 tates
1287 575 1428 626 misit,
1469 574 1741 619 convocans
1779 575 1844 619 ad

1130 634 1481 693 coemptionem
1522 633 1843 697 judaicorum

1130 694 1487 753 mancipiorum,
1553 693 1844 751 promittens

1130 767 1181 858 lsg.
1204 753 1740 858 ξιοηειέἰίῐῖξέόὶπιιζὲοίρία
1773 761 1845 797 ta-

1612 825 1673 864 m,

1131 826 1397 931 rerep‘ffcienss
1451 873 1516 917 ad
1555 825 1844 923 νίῐιιίίόὶὲῐῖιῐ.ι

1130 946 1255 991 quae
1275 946 1385 977 eum
1407 932 1468 978 ab
1496 930 1846 990 Omnipotente

1131 1000 1254 1037 esset
1297 991 1623 1038 consecuttira.
1682 991 1843 1055 Judas

1132 1059 1290 1097 autem
1304 1052 1384 1097 ubi
1398 1051 1642 1110 comperit,
1661 1051 1843 1096 indica-

1131 1112 1195 1156 vit
1216 1112 1303 1165 his,
1323 1112 1407 1170 qui
1422 1124 1583 1156 secum
1603 1119 1738 1155 erant
1752 1110 1842 1174 Ju-

1131 1172 1262 1216 daeis
1285 1171 1533 1217 Nicanoris
1561 1171 1834 1216 adventum.

1134 1232 1207 1275 Ex
1239 1231 1411 1289 quibus
1445 1231 1641 1289 quidam
1679 1229 1842 1276 formi-

1132 1292 1314 1345 dantes,
1361 1299 1409 1337 et
1448 1303 1546 1335 non
1593 1290 1841 1335 credentes

1134 1351 1223 1395 Dei
1240 1350 1464 1409 Justitiae,
1490 1350 1537 1394 in
1557 1349 1724 1408 fugam
1739 1363 1842 1395 ver·

1132 1411 1353 1460 tebantur
1374 1424 1384 1456 :
1407 1410 1483 1455 alii
1512 1423 1623 1455 vero
1653 1410 1692 1454 si
1722 1409 1840 1468 quid

1132 1471 1199 1515 eis
1221 1469 1462 1528 supererat
1481 1469 1766 1520 vendebant,
1780 1469 1841 1514 si·

1131 1529 1324 1588 melque
1338 1529 1599 1576 Deminum
1613 1530 1841 1587 depreca-

1130 1590 1316 1641 bamur,
1347 1596 1400 1634 ut
1430 1588 1630 1646 eriperet
1661 1602 1746 1633 eos
1777 1589 1842 1634 ab

1133 1649 1196 1693 sm
1234 1650 1281 1693 io
1304 1648 1555 1694 Nicanore.

1248 1738 1257 1748 .
1301 1708 1501 1755 Reft'xlsit
1544 1708 1617 1754 sol
1657 1708 1706 1754 in
1744 1708 1843 1767 cly-

1128 1782 1247 1828 peos
1262 1768 1445 1821 aureos,
1471 1777 1518 1814 et
1534 1768 1843 1827 resplendue-

1130 1836 1239 1874 runt
1274 1837 1462 1874 montes
1496 1829 1559 1874 ab
1591 1829 1659 1874 eis
1682 1821 1735 1874 :'‘
1777 1829 1841 1874 Et

1132 1887 1358 1934 sortitndo
1372 1888 1597 1934 Gentium
1607 1888 1844 1947 dissipata

1130 1957 1214 1994 est.
1247 1938 1306 1999 ΧΓ·
1333 1949 1448 1994 Erat
1463 1949 1590 1993 enim
1606 1948 1842 1994 exercitus

1130 2021 1332 2066 magnus
1352 2008 1505 2061 valde,
1529 2016 1578 2053 et
1600 2008 1734 2053 sortis
1757 2022 1768 2053 :
1790 2015 1840 2054 et

1129 2066 1425 2126 appropiaVit
1447 2067 1616 2131 Judas,
1636 2075 1684 2113 et
1707 2068 1841 2114 exer—

1128 2127 1386 2232 }:itlsssnffius
1419 2127 1468 2172 in
1504 2126 1839 2186 praelim—Et

1147 2200 1177 2230 o
1224 2199 1238 2230 1
1327 2200 1374 2234 o.

1360 2270 1524 2320 Lectio
1539 2271 1585 2319 ii.

1275 2363 1664 2412 ONVOCATIS
1677 2374 1840 2413 autem

1305 2425 1633 2471 Machabaeus
1653 2435 1838 2485 septem

1127 2482 1347 2537 mfflibus,
1412 2485 1495 2542 qui
1556 2499 1669 2531 cum
1731 2487 1840 2545 ipso

1126 2551 1272 2597 erant,
1299 2543 1501 2602 rogabat
1535 2558 1596 2591 ne
1617 2545 1840 2592 hostibus

1125 2603 1549 2657 reconciliarentur,
1567 2618 1726 2663 neque
1741 2620 1839 2651 me·

1126 2662 1308 2709 merent
1347 2663 1509 2722 inique
1544 2666 1836 2711 venientium

1125 2722 1374 2768 adversum
1395 2737 1446 2769 se
1471 2723 1680 2771 hostium
1714 2725 1838 2771 mul·

1125 2780 1388 2836 tittidinem,
1416 2784 1500 2829 sed
1519 2783 1705 2831 fortiter
1720 2799 1837 2831 con-

1124 2841 1382 2894 tenderent,
1419 2851 1529 2889 ante
1558 2844 1725 2891 oculos
1751 2846 1837 2892 ha·

1122 2902 1300 2949 bentes·
1319 2903 1669 2958 contumeliam,
1705 2919 1835 2966 quae
