2050 3392
799 294 992 349 Index.

132 426 318 478 cxxviij.
353 424 546 468 SAEPE
574 435 626 465 ex
658 435 924 475 ugnaverunt
944 440 1010 467 me
1029 439 1056 467 a
1069 424 1294 477 juventute
1311 439 1418 467 mea.
1557 441 1629 478 14²

134 477 276 529 lxviij.
351 477 526 519 Salvum
546 490 612 517 me
646 490 710 525 ac,
728 477 861 518 Deus.
1578 480 1629 518 88

136 530 213 589 ”jn
352 528 527 587 Salvum
546 541 613 586 me
630 527 710 589 fac,
728 527 925 587 Domine,
946 527 1148 587 quoniam
1165 527 1319 569 defecit
1334 527 1511 569 sanetus.
1602 542 1628 581 9

137 580 311 681 {ignavi
347 578 679 681 ἓίιέἓξεῆιῗῐῑιιιῗῐιιξ
715 579 1228 680 ffiisslssixisiiilliggd'imus
1242 638 1284 671 et
1298 628 1502 671 flevimus.
1553 592 1628 681 133

136 696 242 739 lxiv,
347 697 428 738 TE
456 696 665 737 DECET
690 696 888 747 hymnus,
902 696 1039 746 Deus,
1055 696 1096 738 in
1118 696 1231 739 Sion.
1577 697 1627 736 86

135 765 214 816 xij.
348 763 556 815 USQUE
606 764 705 813 Uo,
734 764 932 812 Domine,
948 764 1208 806 oblivisceris
1228 778 1294 805 me
1312 763 1355 805 in
1372 764 1510 805 finem.
1601 776 1626 814 9

136 814 278 865 lxxiij.
350 815 413 856 Ut
431 814 548 865 quid,
612 828 700 863 euS,
718 814 907 866 repulisti
927 815 969 855 in
987 815 1126 857 finem.
1576 827 1627 866 93

137 881 252 922 xciv.
348 881 598 929 VENITE,
616 882 853 923 exultemus
872 881 1070 923 Domino.
1602 895 1626 920 2

138 946 170 972 v
345 932 485 972 Verba
501 945 597 972 mea
614 932 792 991 auribus
805 932 987 984 percipe,
1004 932 1202 974 Domine.
1577 934 1623 972 61

136 963 259 1043 eid-i..
346 982 461 1023 Voce
479 996 573 1024 mea
590 983 646 1023 ad
666 983 898 1042 Dominum
923 1014 932 1025 .
967 1014 976 1024 .
1009 1013 1019 1025 .
1052 1014 1063 1025 .
1095 985 1346 1043 deprecatus
1364 996 1469 1042 sum.
1555 996 1627 1033 153

136 1034 273 1085 lxxvj.
343 1032 457 1075 Voce
475 1046 570 1075 mea
586 1034 642 1074 ad
663 1033 895 1075 Dominum
920 1065 931 1075 .
962 1064 973 1075 .
1004 1064 1015 1076 .
1048 1065 1059 1076 .
1092 1045 1136 1075 et
1153 1036 1333 1077 intendit
1355 1034 1469 1076 mlhl.
1576 1047 1626 1084 95

646 1237 1122 1286 CANTICORUM.

245 1392 255 1404 ·
594 1345 820 1388 Canticum
840 1345 995 1398 Moysi.

139 1395 301 1437 Audite
319 1394 424 1437 coeli
443 1409 551 1447 quae
570 1396 732 1446 loquor.

597 1447 820 1488 Canticum
839 1447 966 1488 trium
982 1460 1220 1499 puerorum.

140 1497 386 1539 Benedicite
403 1498 544 1539 omnia
561 1511 692 1549 opera
710 1497 884 1538 Domini
904 1498 1102 1542 Domino.

596 1548 820 1590 Canticum
838 1549 1080 1591 Zachariae.

139 1599 396 1641 Benedictus
416 1598 626 1640 Dominus
646 1598 767 1640 Deus
787 1599 931 1640 Israel.

596 1648 819 1691 Canticum
839 1648 995 1702 Moysi.

136 1701 371 1744 Cantemus
390 1700 605 1741 Domino:
633 1700 825 1751 gloriose.

598 1750 821 1793 Canticum
841 1750 991 1792 Isaiae.

134 1801 383 1845 Confitebor
401 1801 492 1851 tibi,
508 1801 706 1851 Domine,
720 1802 920 1853 quoniam
938 1803 1071 1844 iratus
1088 1816 1134 1846 es
1151 1799 1267 1847 mihi.

597 1853 821 1895 Canticum
841 1853 1051 1896 Habacuc

134 1903 336 1953 Domine,
357 1901 503 1943 audivi
520 1903 782 1944 auditionem
800 1912 928 1945 tuam.

597 1954 820 1995 Canticum
840 1953 1061 1997 Ezechiae.

135 2005 233 2056 Ego
252 2002 342 2046 dixi
360 2014 371 2045 ε
402 2003 454 2043 In
472 2003 649 2045 dimidio
667 2004 831 2046 dierum
847 2020 1048 2048 meorum.

595 2055 819 2097 Canticum
835 2057 997 2098 Annae.

136 2103 358 2147 Exultavit
376 2118 450 2146 cor
467 2119 609 2147 meum
628 2105 671 2146 in
690 2106 888 2149 Domino.

593 2157 818 2199 Canticum
839 2159 888 2200 B.
909 2159 971 2200 M.
991 2157 1043 2199 V.

136 2207 390 2259 Magnificat
407 2207 549 2249 anima
567 2221 662 2249 mea
682 2208 926 2251 Dominum.

592 2259 818 2301 Canticum
842 2258 1063 2302 Simeonis

137 2309 266 2351 Nunc
284 2307 461 2351 dimittis
479 2323 649 2351 servum
668 2319 803 2359 tuum,
821 2310 1018 2353 Domine.

593 2360 844 2412 Symbolum
864 2362 905 2403 S.
924 2359 1161 2403 Athanasii.

135 2409 405 2463 Quicumque
423 2410 515 2451 vult
532 2410 676 2452 salvus
694 2425 799 2452 esse.

592 2461 796 2513 Hymnus
814 2461 888 2504 SS.
911 2461 1126 2504 Ambrosii
1143 2469 1188 2504 et
1203 2459 1443 2516 Augustini.

133 2511 197 2555 Te
215 2511 361 2556 Deum
377 2510 629 2558 laudamus:
657 2521 701 2554 te
719 2509 954 2556 Dominum
969 2513 1231 2558 confitemur.
