2050 3392
381 369 643 422 Constitue,
692 367 911 419 deine,
963 366 1027 411 le-

320 428 592 487 gislatdrem
621 442 763 485 super
782 441 864 472 eos
892 441 902 472 ι
925 426 952 451 ⁴*
974 434 1024 471 ut

321 490 471 535 sciant
494 489 672 534 Gentes
693 487 921 546 qudniam
944 486 1028 532 hci-

321 549 472 593 mines
493 556 616 593 sunt.

384 608 453 653 Ut
491 608 619 664 quid,
649 607 770 657 Diie,
797 604 1027 651 recessisti

319 667 475 724 longe,
496 666 524 691 ⁴*
554 666 756 723 despicis
780 667 826 710 in
849 678 1023 723 oppor-

320 726 671 778 tunitatibus,in
694 724 994 771 tribulatidne
1008 725 1031 770 Ρ

382 787 512 831 Dum
529 785 738 843 superbit
755 785 941 842 impius,
960 785 1031 829 in-

321 846 537 891 cenditur
575 858 755 903 pauper
788 858 799 890 ;
833 844 861 869 ⁴*
897 858 1028 889 corn-

321 904 676 963 prehendi'mtur
723 905 771 949 in
821 904 1028 950 consiliis

322 966 494 1022 quibus
515 964 742 1022 edgitant.

380 1024 620 1081 Qudniam
635 1023 857 1069 laudatur
864 1023 1025 1081 pecca·

320 1092 397 1129 tor
447 1085 493 1128 in
546 1084 796 1129 desideriis.
841 1083 1030 1128 Animae

321 1156 436 1188 suae
459 1159 470 1189 z
492 1142 520 1167 ἢ
542 1151 588 1188 et
619 1143 807 1200 iniquus
835 1141 1027 1188 benedi-

321 1203 455 1248 citur.

381 1261 690 1308 Exacerbavit
702 1263 861 1307 Dfium
872 1260 1035 1320 pecca-

320 1329 422 1368 tor:
444 1322 472 1346 ⁴*
488 1322 748 1367 secundum
766 1320 1027 1366 multitudi-

321 1395 426 1426 nem
448 1383 542 1426 irae
564 1395 677 1426 suae
698 1395 796 1426 non
816 1389 1023 1438 quaeret.

384 1441 495 1486 Non
518 1448 588 1486 est
612 1442 741 1485 Deus
763 1442 811 1485 in
832 1440 1030 1497 conspe-

322 1500 403 1545 Ctu
425 1502 551 1558 ejus:
574 1500 601 1525 *
624 1500 898 1556 inquinatae
918 1507 1028 1545 sunt

321 1561 425 1605 viae
445 1559 566 1604 illius
586 1560 633 1603 in
649 1559 1021 1616 omnitempore.

380 1618 670 1663 Auferuntur
715 1618 894 1676 judicia
944 1626 1029 1663 tua

321 1693 352 1725 a
371 1678 492 1724 facie
512 1680 614 1737 ejus
634 1692 643 1724 :
662 1677 690 1703 ⁴*
705 1677 921 1724 bmnium
943 1679 1028 1724 ini-

321 1739 553 1785 micdrum
585 1737 780 1784 sutirum
811 1737 1029 1784 domina-

320 1800 462 1845 bitur.

384 1858 514 1903 Dixit
528 1858 653 1902 enim
668 1858 715 1902 in
729 1859 872 1903 corde
885 1857 1031 1903 suot*

326 1917 440 1962 Non
501 1918 726 1962 movebor
769 1931 800 1962 a
839 1930 1033 1975 genera-

322 1976 452 2024 tidne
482 1977 530 2021 in
558 1976 911 2035 generatidnem
933 1978 1034 2023 sine

324 2037 468 2083 malo,

382 2097 534 2154 Cujus
588 2096 922 2142 maledictidne
976 2110 1032 2142 os

323 2158 517 2215 plenum
534 2164 617 2208 est,
638 2164 684 2201 et
699 2156 1024 2208 amaritudine,

323 2224 370 2262 et
391 2217 505 2262 dolo
533 2215 594 2262 τ’
615 2218 703 2262 sub
739 2217 901 2275 lingua
929 2217 1032 2275 ejus

296 2297 299 2300 ·
323 2276 460 2322 labor
481 2283 527 2321 et
549 2276 700 2321 dolor.

383 2336 528 2381 Sedet
554 2336 601 2380 in
633 2335 810 2381 insidiis
831 2349 940 2380 cum
962 2335 1034 2381 di-

326 2396 497 2441 vitibus
514 2395 563 2439 in
575 2395 782 2448 occultis,
791 2394 819 2419 ⁴*
829 2402 880 2441 ut
895 2396 1033 2440 inter-

324 2456 454 2501 ficiat
476 2455 790 2501 innocentem.

384 2515 523 2561 Oculi
554 2515 655 2572 ejus
686 2515 734 2559 in
774 2513 1032 2572 pe'mperem

325 2574 581 2631 respiciunt
610 2574 670 2619 ε’
702 2573 950 2619 insidiatur
984 2574 1032 2617 in

327 2633 624 2684 abscdndito,
673 2634 808 2691 quasi
860 2633 935 2678 leo
986 2633 1033 2677 in

328 2692 555 2749 spelunca
575 2707 674 2738 sua.

393 2751 650 2796 Insidiatur
670 2760 721 2796 ut
742 2750 894 2809 rapiat
918 2750 1038 2808 pau-

331 2823 491 2866 perem
508 2811 560 2854 2⁴*
576 2810 739 2868 re‘tpere
759 2810 1029 2868 pxiuperem,

333 2869 449 2912 dum
470 2867 665 2913 attrahit
686 2884 809 2914 eum.

321 248 353 300 8
589 314 595 321 ἢ
662 244 964 298 Dominica
991 242 1077 297 ad
1099 243 1465 295 Matutz’num

1158 367 1215 410 In
1250 364 1423 422 laqueo
1458 378 1547 410 suo
1586 364 1805 411 humilia·

1095 427 1164 470 bit
1195 425 1361 476 eum,*
1384 424 1626 470 inclinabit
1657 439 1720 479 se,
1757 434 1802 470 et

1096 487 1235 531 cadet
1268 499 1375 530 cum
1418 484 1695 531 dominatus
1735 485 1805 531 fu-

1096 546 1182 590 erit
1203 545 1483 603 pauperum.

1157 606 1287 650 Dixit
1308 606 1434 650 enim
1456 605 1505 654 in
1525 604 1669 650 corde
1690 618 1803 650 suo:

1096 665 1285 711 Oblitus
1306 673 1377 710 est
1400 665 1532 710 Deus
1555 679 1565 710 :
1589 663 1616 687 ⁴*
1638 664 1803 709 avertit

1095 725 1265 770 faciem
1295 738 1445 778 suam,
1472 738 1534 769 ne
1563 723 1722 769 videat
1757 724 1804 768 in

1071 825 1076 829 .
1098 785 1253 830 finem.

1157 843 1360 902 Exurge,
1404 843 1613 888 deine
1653 843 1799 894 Deus,

1095 903 1327 949 exaltetur
1356 917 1526 948 manus
1557 910 1638 947 tua
1668 917 1679 948 :
1702 902 1730 928 ⁴*
1751 915 1810 947 ne

1095 962 1384 1008 obliviscaris
1404 962 1685 1020 pauperum.

1158 1022 1356 1080 Propter
1425 1023 1542 1078 quid
1614 1021 1808 1066 irritaVit

1098 1081 1271 1139 impius
1294 1082 1448 1126 Deum
1462 1082 1484 1125 Ρ
1499 1080 1526 1105 ⁴*
1542 1081 1660 1125 dixit
1682 1082 1808 1126 enim

1098 1142 1145 1186 in
1158 1142 1301 1186 corde
1314 1154 1402 1186 suo
1422 1156 1432 1186 :
1453 1140 1566 1185 Non
1582 1140 1802 1197 requiret.

1156 1201 1303 1246 Vides
1334 1200 1560 1258 qudniam
1592 1207 1646 1245 tu
1677 1199 1810 1245 labd-

1098 1274 1196 1304 rem
1237 1268 1283 1305 et
1333 1260 1547 1305 doldrem
1594 1259 1809 1305 conside-

1100 1334 1174 1364 ras
1194 1335 1204 1365 :
1227 1319 1254 1343 ⁴*
1276 1329 1327 1364 ut
1350 1321 1511 1365 tradas
1532 1333 1615 1365 eos
1637 1319 1686 1364 in
1708 1333 1809 1366 ma-

1099 1393 1188 1424 nus
1210 1386 1330 1424 tuas.

1156 1439 1267 1483 Tibi
1303 1437 1554 1484 derelictus
1586 1446 1656 1484 est
1691 1453 1790 1497 pau

1098 1512 1182 1557 per
1208 1513 1219 1544 ε
1242 1499 1269 1523 ⁴*
1290 1498 1507 1556 6rphan0
1530 1506 1581 1544 tu
1602 1500 1693 1545 eris
1724 1501 1787 1545 ad

1102 1558 1237 1603 ἰἰῐοτ.

1094 1573 1110 1616 J
1158 1617 1364 1663 Cdntere
1376 1616 1625 1662 brachium
1643 1627 1811 1676 pecca-

1099 1676 1213 1724 t6ris
1234 1684 1279 1723 et
1307 1677 1501 1735 maligni
1530 1692 1540 1723 t
1564 1678 1591 1703 ὓ
1614 1679 1811 1736 quaere·

1099 1745 1175 1782 tur
1204 1737 1454 1795 peccatum
1477 1738 1613 1791 illius,
1641 1747 1689 1785 et
1712 1753 1810 1785 non

1098 1797 1368 1843 invenietur.

1159 1856 1395 1902 anxinus
1425 1856 1642 1914 regnabit
1665 1858 1715 1903 in
1737 1872 1813 1904 ae·

1100 1916 1299 1968 ternum,
1321 1925 1367 1961 et
1384 1917 1432 1961 in
1449 1917 1693 1962 saeculum
1711 1932 1814 1964 sae-

1098 1976 1189 2021 culi
1213 1990 1224 2021 z
1246 1975 1274 2000 ἢ
1296 1976 1508 2034 peribitis
1540 1977 1721 2024 Gentes
1752 1979 1815 2024 de

1099 2044 1222 2082 terra
1251 2036 1389 2082 illius.

1160 2095 1460 2141 Desiderium
1544 2094 1814 2154 pauperum

1099 2156 1340 2200 exaudivit
1366 2155 1661 2201 Do'minust*
1678 2170 1817 2213 prae-

1098 2214 1393 2273 paratidnem
1442 2216 1599 2260 cordis
1647 2215 1818 2261 ebrum

1098 2274 1278 2320 audivit
1299 2275 1424 2321 auris
1446 2283 1543 2319 tua.

1152 2334 1378 2437 Jludicare
1417 2334 1599 2392 pupillo
1640 2342 1689 2379 et
1730 2334 1819 2380 hta-

1100 2407 1162 2438 1n1
1184 2393 1210 2445 i,
1233 2392 1260 2417 ⁴*
1275 2402 1326 2439 ut
1343 2407 1440 2439 non
1456 2393 1673 2451 appdnat
1691 2395 1819 2440 ultra

1101 2453 1411 2510 magnificare
1431 2467 1482 2499 se
1502 2454 1651 2500 homo
1672 2467 1820 2513 super

1100 2520 1287 2558 tertam.

1318 2605 1529 2652 Psalmus
1564 2619 1604 2651 x.

1109 2679 1268 2800 IN
1318 2689 1530 2736 deino
1573 2689 1771 2735 confido
1809 2705 1822 2737 :

1237 2749 1485 2806 quemodo
1521 2748 1679 2793 dicitis
1720 2749 1823 2795 ani-

1105 2822 1212 2854 mae
1243 2823 1378 2854 meae
1406 2824 1416 2854 2
1449 2807 1476 2831 ⁴*
1506 2807 1824 2867 Transmigra

1107 2870 1154 2913 in
1179 2876 1394 2914 montem
1416 2868 1537 2913 sicut
1559 2869 1763 2925 passer?
