2050 3392
343 249 542 306 livoni.
604 249 907 305 Commune
934 248 1170 319 LbrffesS.
1199 265 1312 304 non
1332 250 1552 322 Pontis:

343 371 583 426 diuturna.
619 386 776 431 neque
815 372 1052 419 annerum

343 432 544 479 numero
576 432 892 491 computata:
945 432 1052 477 cani

344 502 507 539 autem
524 500 634 539 sunt
646 504 811 537 sensus
824 490 1044 543 heminis,

344 560 392 598 et
414 561 547 598 aetas
568 550 823 598 seneetutis
845 551 943 597 vita
963 551 1052 596 im·

343 611 596 658 maculata.
636 611 831 655 Placens
854 610 961 655 Deo
982 611 1051 656 fa·

343 671 449 717 e‘tus
480 678 551 716 est
581 669 795 722 dileetus‚
822 677 869 715 et
890 670 1051 716 vivens

344 731 467 835 int-er
488 729 765 834 ἓξοῖῑότεςῖ
792 729 1051 834 ιταιι5ὲῗίῑῐὶιιὲ

343 803 394 836 es
618 802 673 834 us
693 802 745 834 es
787 803 847 834 ne
869 803 918 834 m

345 847 552 894 muteret
563 803 876 894 pintelleetum
928 848 1043 906 ejus,

343 916 428 953 aut
449 922 510 953 ne
531 907 667 953 fletio
687 908 927 966 deciperet
951 907 1052 953 eni-

344 981 474 1013 mam
484 968 620 1013 illius.
645 968 683 1013 F
684 967 915 1013 ascinetio
923 968 1052 1013 enim

345 1028 631 1086 nugacitatis
652 1026 874 1073 obscurat
904 1029 1046 1081 bona,

344 1096 394 1133 et
443 1086 764 1133 inconstentia
830 1088 1054 1146 concupi-

348 1147 556 1193 scentiae
578 1147 845 1193 transvertit
861 1161 1054 1194 sensum

346 1207 449 1253 sine
463 1207 658 1252 malitia.
679 1207 1054 1253 Consummetm

349 1267 399 1311 in
428 1267 556 1311 brevi
598 1266 801 1325 explevit
835 1267 1056 1326 tempora

348 1327 537 1372 multa·
568 1326 748 1384 plecita
781 1327 908 1372 enim
952 1335 1054 1372 erat

349 1385 455 1430 Deo
477 1384 648 1431 Anima
677 1385 832 1431 illius:
857 1394 1055 1445 propter

346 1446 441 1491 hoc
469 1444 971 1504 properavit-educere
1001 1446 1054 1492 il·

344 1505 445 1551 lurn
465 1506 527 1550 de
547 1505 708 1551 medio
728 1504 1047 1563 iniquitatum.

387 1565 461 1621 RJ.
521 1565 670 1624 Euge,
698 1579 831 1611 serve
858 1566 984 1611 bone
1005 1574 1054 1611 et

348 1623 515 1678 fidelis,
542 1626 656 1684 quia
675 1625 724 1670 in
745 1639 903 1685 pauca
922 1625 1054 1671 fuisti

348 1685 514 1739 fidelis,
540 1700 685 1756 supra
705 1685 858 1732 multa
879 1694 926 1732 te
942 1700 1056 1733 con-

344 1746 578 1793 stituame‘
620 1746 807 1793 Intrain
822 1745 1054 1804 ςάιιᾱίιιῐιι

348 1805 544 1853 1)όωίΠί
560 1806 645 1852 tui.
659 1802 720 1861 Y.
774 1807 897 1858 Due,
918 1805 1055 1863 quin-

346 1879 442 1923 que
462 1864 644 1911 talenta
658 1864 896 1912 tradidisti
917 1865 1049 1917 mihi,

344 1938 455 1973 ecce
482 1924 576 1969 elia
604 1925 815 1981 quinque
843 1924 1056 1982 superlu-

346 1982 503 2028 cratus
513 1996 631 2028 sum.
643 1983 1025 2029 —Intra.Bened.

350 2041 638 2101 Unigenitus
661 2042 752 2087 Dei
774 2042 933 2088 Filius,

558 2135 723 2182 Lectio
747 2136 790 2181 ii.

487 2220 697 2267 OPULI
764 2230 926 2268 autem
986 2222 1053 2267 vi-

516 2281 698 2334 dentes,
719 2289 767 2327 et
792 2295 889 2327 non
920 2282 1055 2327 intel·

349 2341 563 2401 ligentes,
605 2356 693 2387 nec
733 2341 964 2400 ponentes
1005 2342 1053 2386 in

350 2401 637 2460 praecerdiis
659 2401 774 2447 telia
796 2401 1053 2459 :queniam

349 2461 504 2519 gretia
545 2461 635 2507 Dei
664 2468 711 2506 et
734 2460 1055 2507 misericerdia

349 2529 419 2567 est
441 2522 491 2565 in
508 2520 700 2566 sanetos
713 2520 882 2578 ejus,et
899 2520 1056 2579 respe-

349 2579 455 2626 e'tus
477 2582 526 2627 in
546 2580 723 2627 eleetos
746 2580 879 2625 illius.
921 2580 1049 2625 Con·

350 2641 546 2687 demnat
567 2648 728 2685 autem
745 2640 906 2697 Justus
927 2640 1052 2685 mer-

350 2708 461 2745 tuus
501 2701 633 2746 vivos
673 2699 860 2758 impios,
895 2708 942 2745 et
978 2699 1055 2757 J'u-

348 2759 1055 2805 ventusceleriusconsummeta

348 2815 540 2872 longam
550 2819 695 2863 Vitam
709 2818 884 2876 injusti.
909 2819 1052 2865 Vide-

349 2871 467 2917 bunt
490 2877 614 2921 em'm
637 2876 780 2924 finem
803 2878 1046 2936 sapientiS,

1121 377 1168 418 et
1194 385 1292 417 non
1311 371 1579 431 intelligent
1601 374 1726 432 quid
1756 389 1834 421 oo-

1121 432 1339 489 giteverit
1379 433 1441 478 de
1481 433 1565 479 illo
1597 433 1752 487 Deus.
1785 443 1833 481 et

1122 505 1269 549 quare
1284 491 1506 537 munierit
1523 493 1661 539 illum
1674 494 1827 540 Dfius.

1122 551 1366 597 Videbunt
1417 559 1465 598 et
1521 553 1832 600 contemnent

1121 625 1232 656 eum
1255 626 1267 656 t
1289 612 1396 657 illos
1411 620 1575 658 autem
1593 613 1832 660 Deminus

1123 671 1346 717 irridebit.
1374 673 1833 730 Eteruntposthaec

1123 730 1398 798 decidentes
1427 732 1532 777 sine
1561 733 1760 784 honere.
1786 740 1831 778 et

1124 789 1173 834 in
1180 791 1494 837 contumelia
1481 799 1608 838 mter
1616 792 1833 839 mertuos

1222 851 1509 909 perpetuum
1545 865 1557 896 z
1600 853 1828 910 queniam

1123 909 1386 968 disrumpet
1399 910 1506 956 illos
1522 911 1720 958 inflatos
1735 912 1830 957 sine

1123 983 1252 1022 voce,
1290 977 1338 1015 et
1374 971 1699 1017 commovebit
1729 971 1830 1016 illos

1121 1042 1153 1073 a
1173 1029 1513 1084 fundamentis,
1532 1038 1581 1076 et
1602 1032 1830 1105 usquead

1123 1102 1179 1134 su
1216 1089 1398 1135 remum
1417 1089 1779 1136 desolabuntur.

1206 1149 1504 1229 ''Justusg
1504 1149 1837 1196 erminebitsio-

1121 1218 1174 1256 ut
1225 1208 1445 1256 lilium.
1469 1163 1552 1254 gEt
1575 1209 1795 1255 florebit
1783 1223 1828 1254 111

1123 1268 1369 1314 aeternum
1399 1275 1513 1314 ante
1544 1269 1726 1315 Diium.
1745 1266 1801 1323 Γ.

1128 1328 1375 1374 Plantatus
1403 1329 1452 1374 in
1485 1329 1635 1374 domo
1665 1328 1830 1376 Demi-

1125 1388 1187 1440 ni,
1214 1388 1264 1433 in
1283 1387 1417 1434 etriis
1438 1389 1617 1434 domus
1638 1389 1728 1435 Dei
1747 1402 1830 1435 no-

1127 1448 1355 1494 stri,—Et
1395 1447 1599 1494 florebit.
1636 1449 1801 1493 Bened.

1124 1507 1330 1567 Spiritus
1357 1506 1512 1553 saneti
1532 1507 1710 1566 gratia„

1323 1601 1487 1648 Leetio
1512 1602 1574 1647 iii.

1272 1686 1318 1733 T
1336 1694 1475 1734 erunt
1495 1685 1756 1746 gementes,
1777 1693 1826 1735 et

1260 1806 1272 1817 ⁹
1300 1746 1535 1817 memet-ia
1585 1807 1596 1817 ⁶
1644 1747 1828 1818 illerum

1124 1806 1829 1924 tieneltpegltffrffnlinsffi

1123 1924 1292 1977 timidi,
1318 1932 1365 1970 et
1386 1924 1640 1971 traducent
1652 1926 1758 1971 illos
1772 1940 1829 1971 ex

1125 1984 1326 2030 adverso
1376 1984 1655 2042 iniquitates
1704 1985 1831 2043 ipse-

1123 2057 1243 2089 rum.
1289 2044 1428 2089 Tunc
1444 2045 1642 2090 stabunt
1653 2045 1830 2103 justiin

1125 2117 1302 2161 magna
1318 2103 1590 2149 constentia
1606 2104 1831 2151 adversus

1123 2177 1206 2209 eos
1236 2164 1317 2221 qui
1349 2177 1400 2208 se
1419 2164 1825 2222 angustiaverunt.

1121 2230 1169 2267 et
1198 2224 1280 2281 qui
1310 2223 1609 2270 abstulerunt
1637 2224 1825 2271 labores

1122 2282 1300 2329 cerum.
1382 2283 1616 2329 Videntes
1665 2285 1826 2329 turba·

1122 2341 1302 2388 buntur
1331 2342 1500 2389 timere
1527 2343 1755 2394 horribili.
1780 2350 1827 2389 et

1122 2401 1420 2448 mirabuntur
1458 2402 1509 2447 in
1540 2402 1829 2449 subitatiene

1122 2461 1388 2520 insperatae
1415 2461 1596 2514 salutis.
1618 2461 1829 2508 dicentes

1122 2521 1246 2566 intra
1258 2535 1320 2574 se,
1327 2522 1671 2579 poenitentiam
1684 2521 1829 2579 agen-

1123 2589 1207 2633 tes,
1241 2588 1288 2626 et
1325 2594 1440 2638 prae
1474 2580 1699 2639 angustia
1732 2581 1828 2639 spi-

1123 2640 1240 2685 ritus
1280 2640 1524 2713 gementes
1557 2654 1568 2685 :
1619 2640 1685 2685 Hi
1718 2647 1827 2685 sunt

1121 2698 1533 2811 32³⁰}e3323332m2ss
1565 2699 1827 2806 iffqssffi⁰

1124 2818 1337 2865 tudinem
1380 2818 1668 2888 improperii.
1719 2817 1825 2864 Nos

1120 2878 1345 2924 insensati
1417 2878 1562 2924 vitam
1637 2876 1826 2924 illerum
