2050 3392
352 245 422 297 66

403 376 449 421 A
460 372 737 419 fortitudine
753 387 923 419 manus
939 381 1051 418 tuae

343 449 437 491 ego
468 434 617 479 defeci
650 434 700 478 in
720 432 1053 490 increpatidni-

495 494 733 596 Ῥτοίῑετ
752 492 1052 548 iniquitatem

344 553 611 612 corripuisti
667 551 890 598 &minem

406 615 468 659 Et
490 612 733 659 tabescere
752 609 902 660 fecisti
925 611 1047 655 sicut

343 673 570 720 arincam
609 672 821 717 Animam
856 671 997 727 ejus:

343 733 671 779 verumtamen
705 744 826 776 vane
861 736 1053 774 contur-

346 793 489 839 bdtur
506 791 844 843 omnishomo.

397 852 584 896 ExAudi
595 850 860 896 oratidnem
870 862 1042 899 meam.

347 911 568 963 deine,
595 919 642 956 et
665 909 1048 968 depreoetidnem

347 985 505 1017 meam
532 985 543 1016 :
575 969 603 993 ¹*
633 970 828 1015 Auribus
857 968 1050 1027 percipe

345 1031 421 1077 laic
477 1044 581 1076 mas
596 1043 742 1075 meas.
847 1058 850 1065 ν

459 1104 487 1135 e
506 1090 643 1135 siloes
667 1104 677 1135 :
706 1087 936 1146 qudniam
966 1087 1054 1133 Ad·

345 1164 468 1195 vena
496 1163 589 1207 ego
618 1162 725 1195 sum
755 1148 889 1206 apud
918 1155 977 1198 te.
1005 1154 1054 1192 et

345 1207 701 1278 peregrinus*
730 1208 854 1253 sicut
884 1220 1054 1251 omnes

347 1278 507 1328 patres
529 1269 638 1313 mei.

403 1328 613 1374 Remitte
634 1326 765 1377 mihi.
786 1333 840 1371 ut
860 1324 1052 1382 refrige-

347 1402 423 1434 rer
441 1388 719 1447 priusquam
738 1386 924 1439 abeam,
952 1384 980 1408 ⁴*
1001 1392 1050 1430 et

348 1448 555 1508 Amplius
575 1460 674 1492 non
693 1459 790 1491 ero.

502 1539 715 1587 psalmus
737 1542 890 1586 xxxix.

500 1625 1054 1684 XPECTANSexpe-

528 1686 653 1733 όὶάνί
671 1686 947 1739 Βόωίηωῃ,
963 1685 989 1710 ⁴*
1005 1693 1054 1732 et

351 1744 552 1794 intendit
573 1748 702 1792 mihi.

413 1807 475 1851 Et
496 1807 733 1852 exaudivit
775 1819 937 1864 preces
957 1819 1056 1851 me-

351 1880 444 1911 as:
468 1866 496 1890 ¹*
516 1874 564 1912 et
584 1865 747 1911 eduxit
768 1879 845 1910 me
865 1866 926 1910 de
946 1866 1054 1910 lacu

352 1925 579 1978 miseriae,
601 1933 649 1970 et
673 1926 734 1970 de
754 1926 855 1969 luto
891 1924 1047 1970 faecis.

413 1985 477 2030 Et
500 1961 665 2030 std'tuit
697 1998 720 2029 5
701 1997 840 2068 ‘uper
867 1992 1053 2042 petram

351 2045 499 2103 pedes
530 2057 663 2089 meos
701 2080 712 2090 .
801 2051 847 2089 et
886 2043 1054 2088 direxit

351 2118 541 2163 gressus
563 2117 709 2149 meos.

415 2163 478 2209 Et
509 2164 703 2209 immisit
735 2164 783 2208 in
803 2176 858 2207 os
891 2175 1052 2207 meum

352 2223 592 2269 canticum
608 2237 798 2275 novum,
821 2221 848 2245 ⁴*
863 2235 1055 2267 carmen

356 2283 463 2328 Deo
485 2291 662 2328 nostro.

413 2341 656 2387 Videbunt
678 2341 812 2386 multi
843 2348 891 2385 et
922 2339 1058 2386 time-

352 2400 529 2448 buntz*
537 2409 583 2446 et
592 2400 906 2459 sperfibuntin
924 2399 1049 2444 Dfio.

417 2460 591 2506 Beatus
612 2461 691 2512 vir.
718 2461 853 2519 cujus
881 2466 953 2504 est
973 2472 1059 2503 no·

354 2534 464 2566 men
487 2520 683 2566 deini
704 2532 812 2588 spes
824 2520 950 2577 ejus.
969 2517 996 2541 ⁴*
1009 2525 1057 2563 et

355 2594 452 2624 non
489 2579 691 2636 respexit
733 2580 783 2623 in
824 2576 1057 2623 vanitates

354 2646 401 2683 et
425 2638 631 2684 insdnias
651 2638 808 2683 falsas.

417 2698 575 2742 Multa
594 2697 742 2743 fecisti
765 2705 830 2748 tu.
851 2695 1059 2741 D6mine

358 2756 491 2800 Deus
506 2770 653 2807 meus.
668 2756 901 2801 mirabilia
917 2764 1016 2801 tua:
1029 2754 1056 2778 ⁴*

356 2823 403 2859 et
438 2815 808 2871 cogitatidnibus
844 2816 939 2861 tuis
959 2828 1057 2861 non

356 2881 428 2919 est
450 2874 532 2931 qui
552 2873 715 2921 simiiis
734 2875 796 2920 sit
817 2875 916 2921 tibi.

611 252 785 306 Feria
810 253 980 306 tertia
1003 253 1088 305 ad
1103 251 1481 305 Matutinum.

1176 372 1468 417 Annuntifivi
1529 379 1579 417 et
1636 372 1833 420 locutus

1118 445 1225 477 sum
1254 447 1264 477 :
1302 431 1330 455 ¹*
1371 430 1672 489 multiplicati
1714 442 1831 478 sunt

1118 504 1261 548 super
1280 504 1542 536 numerum.

1176 550 1469 595 Sacrificium
1478 559 1524 595 et
1534 549 1833 597 oblati6nem

1121 610 1331 655 noluisti:
1350 609 1376 633 ⁴*
1389 623 1529 654 aures
1545 618 1707 654 autem
1722 624 1832 669 per-

1120 669 1270 714 fecisti
1293 670 1421 714 mihi.

1185 728 1537 774 Holocaustum
1549 736 1597 774 et
1614 743 1701 786 pro
1719 743 1835 787 pec-

1123 787 1233 833 cato
1247 802 1343 832 non
1359 788 1611 846 postuifisti
1635 787 1688 833 ε*
1714 797 1834 835 tunc

1123 848 1220 892 dixi
1243 849 1397 893 :Ecce
1416 848 1567 893 venio.

1188 908 1244 952 In
1274 907 1431 964 cupite
1463 907 1566 951 libri
1596 908 1831 965 scriptum

1124 976 1196 1029 est
1217 969 1278 1012 de
1298 981 1376 1011 me
1412 975 1465 1011 ut
1509 965 1714 1011 ἰάσει-ειη
1746 981 1832 1012 νο-

1120 1027 1353 1072 Ιυηιάῑεῐῐι
1398 1034 1531 1071 tuam
1569 1040 1579 1071 ε
1623 1024 1651 1048 ¹*
1694 1026 1832 1073 Deus

1120 1100 1255 1131 meus
1275 1086 1414 1137 vdlui,
1440 1093 1486 1130 et
1507 1084 1663 1142 legem
1692 1093 1828 1131 tuam

1120 1147 1168 1191 in
1190 1146 1349 1191 medio
1370 1145 1526 1190 cordis
1546 1144 1655 1189 mei.
1711 1169 1717 1174 -

1178 1205 1467 1251 Annuntidvi
1484 1205 1672 1262 justitia
1692 1212 1828 1250 tuam

1120 1267 1169 1312 in
1200 1266 1398 1312 ecclesia
1432 1277 1621 1321 magna.
1657 1264 1685 1288 ⁴*
1715 1279 1830 1311 eeoe

1120 1326 1248 1372 labia
1267 1339 1376 1370 mea
1406 1337 1501 1369 non
1523 1324 1826 1381 prohibebo:

1124 1386 1342 1437 deine,
1370 1393 1422 1429 tu
1444 1384 1586 1429 scisti.

1175 1445 1420 1515 Justitiam
1440 1452 1574 1489 tuam
1596 1456 1693 1488 non
1713 1444 1827 1490 abs·

1121 1505 1264 1551 cdndi
1313 1506 1362 1550 in
1403 1505 1546 1549 corde
1597 1517 1746 1549 meo:
1800 1502 1830 1527 ⁴*

1122 1564 1366 1610 veritfitem
1394 1571 1528 1608 tuam
1548 1571 1595 1608 et
1617 1539 1829 1608 salutate

1123 1632 1260 1669 tuum
1281 1624 1392 1669 dixi.

1182 1684 1296 1729 Non
1316 1682 1546 1729 abscdndi
1567 1682 1833 1730 misericdr-

1121 1744 1252 1789 diam
1303 1751 1435 1789 tuam
1485 1751 1530 1788 et
1579 1743 1830 1790 veritAtem

1123 1812 1256 1848 tuam
1278 1802 1305 1826 ⁴*
1326 1817 1356 1848 a
1377 1803 1576 1847 concilio
1593 1803 1762 1848 multo.

1180 1864 1258 1907 Tu
1274 1871 1447 1914 autem,
1465 1862 1585 1914 Dfie,
1609 1875 1670 1907 ne
1681 1862 1830 1921 longe

1122 1922 1270 1967 fficias
1300 1921 1624 1967 miseratidnes
1655 1929 1765 1967 tuas
1795 1936 1829 1967 a

1123 1996 1199 2027 me
1222 1997 1232 2027 :
1264 1981 1291 2005 ⁴*
1322 1981 1644 2026 miseriem-dia
1673 1988 1761 2026 tua
1779 1990 1829 2027 et

1123 2042 1291 2087 veritas
1307 2049 1391 2086 tua
1405 2053 1594 2098 semper
1606 2040 1832 2099 suscepe-

1122 2109 1231 2146 runt
1254 2114 1344 2145 me.

1182 2160 1376 2215 Qudnia
1413 2158 1828 2205 circumdederunt

1124 2234 1201 2264 me
1230 2219 1369 2270 mala,
1374 2231 1462 2302 <lu
1464 2231 1602 2263 orum
1624 2231 1722 2263 non
1753 2228 1827 2264 est

1124 2278 1384 2323 numerus:
1456 2277 1832 2335 comprehende-

1122 2346 1232 2383 runt
1263 2351 1341 2383 me
1368 2336 1641 2394 iniquitates
1672 2350 1826 2390 mae,

1122 2406 1169 2442 et
1191 2411 1288 2442 non
1305 2396 1437 2454 pdtui
1459 2405 1513 2441 ut
1534 2395 1758 2441 viderem.

1186 2455 1533 2514 Multiplicatae
1552 2463 1664 2503 sunt
1686 2469 1836 2514 super

1124 2516 1321 2573 capillos
1353 2515 1522 2572 cupitis
1558 2516 1650 2560 mei
1681 2531 1691 2561 :
1725 2514 1755 2539 ⁴*
1784 2525 1831 2561 et

1125 2589 1208 2621 cor
1228 2588 1386 2620 meum
1409 2574 1656 2631 dereliquit
1671 2587 1765 2620 me.

1175 2633 1483 2692 Complficoet
1494 2633 1593 2684 tibi,
1603 2633 1829 2688 deine,

1124 2702 1178 2739 ut
1193 2694 1331 2739 eruas
1348 2707 1448 2738 me:
1470 2691 1497 2715 ⁴*
1521 2692 1743 2745 Οόῐῐιίιιε,
1764 2694 1833 2739 ad

1124 2752 1449 2812 adjuvandum
1470 2764 1547 2795 me
1568 2751 1765 2810 respice.

1184 2810 1553 2858 ConfundAntur
1604 2818 1652 2855 et
1701 2824 1833 2857 reve-

1123 2872 1314 2919 rcdntur
1324 2870 1476 2923 simul,
1499 2870 1581 2928 qui
1595 2879 1834 2928 quaerunt
