2050 3392
80 331 85 392 ,
176 339 425 344 *-

79 441 93 656 'l

607 250 1021 304 Benedic‘liones
1046 248 1261 300 variae.

428 383 645 430 Oremus.

351 443 615 489 TERNE
663 444 803 489 Pater
843 451 890 489 et

161 446 345 556 ΜΖ
382 503 688 560 omnipotens
739 504 884 555 Deus,

170 561 263 619 qui
303 561 617 620 Unigenitum
649 570 783 607 tuum
815 576 890 607 ve-

169 630 301 667 stem
355 629 546 666 nostrae
591 622 889 667 mortalitatis

171 679 378 725 induere
425 679 624 732 voluisti,
673 680 890 726 obsecra-

169 753 287 785 mus
309 738 592 784 immensam
617 747 727 784 tuae
749 740 888 797 largi-

171 799 293 844 tatis
324 793 521 855 bene>1⁴
546 798 808 844 dictionem
841 799 889 842 in

171 859 275 902 hoc
315 870 468 914 genus
511 856 702 902 effluere
749 858 889 902 vesti-

174 916 342 968 menti,
370 916 502 974 quod
534 915 686 961 sancti
724 916 888 961 Patres

172 976 243 1021 ad
266 974 562 1020 innocentiae
582 984 630 1020 et
650 975 888 1021 humilita-

174 1035 241 1079 tis
276 1033 518 1086 indicium,
552 1048 582 1079 a
617 1035 888 1080 renuntian-

173 1094 307 1138 tibus
323 1094 514 1138 saeculo
529 1093 702 1150 gestAri
720 1093 887 1139 sanxe-

175 1160 292 1197 runt
314 1166 325 1203 ;
345 1161 394 1196 et
423 1152 489 1196 sic
512 1153 666 1210 ipsum
688 1148 885 1210 bene—1<

177 1212 342 1255 dicere
364 1210 581 1267 digneris,
600 1220 653 1256 ut
673 1211 889 1269 quicum-

178 1282 358 1329 que-eo
378 1283 491 1314 usus
512 1269 660 1322 suerit,
692 1270 889 1316 induere

180 1328 423 1373 mereatur-
447 1329 602 1386 ipsum
625 1329 886 1375 Dominum

177 1395 397 1433 nostrum
434 1388 602 1450 Jesum
644 1389 887 1434 Christum

132 1452 139 1456 ’
178 1447 356 1492 Filium
366 1456 514 1498 tuum,
523 1448 601 1504 qui
613 1455 769 1492 tecum
781 1447 889 1493 vivit

176 1515 227 1551 et
246 1514 412 1564 regnat
427 1508 474 1551 in
491 1506 672 1552 unitate
685 1507 890 1565 Spiritus

177 1566 334 1611 sancti
353 1566 499 1616 Deus.
515 1579 597 1623 per
612 1566 775 1611 omnia
790 1579 892 1611 sae-

177 1624 611 1671 culasaeculorum.
633 1620 885 1678 lv-Amen.

427 1683 645 1729 Oremus.

322 1743 367 1787 U
385 1743 799 1788 PPLICITER
826 1752 886 1797 te,

351 1801 572 1853 Domine.
586 1802 826 1859 rogamus.
839 1812 892 1849 ut

183 1861 893 1979 {xsefvfflsscfiffiffierffi

187 1978 465 2036 ponendum
497 1980 620 2023 bene
649 1972 709 2034 >1⁴
745 1980 894 2025 dictio

189 2045 275 2082 tua
294 2038 502 2115 benigna
522 2038 779 2084 descendat
799 2054 809 2084 :
840 2048 893 2084 ut

187 2097 249 2141 sit
270 2098 392 2142 bene
404 2112 463 2151 21⁴
475 2098 645 2149 dictus,
665 2106 809 2156 atque
825 2100 894 2143 di·

188 2156 300 2200 vina
308 2157 476 2201 virtute
488 2158 649 2214 procul
662 2158 896 2216 pellamur

189 2214 396 2261 hostiurn
435 2216 705 2262 nostrorum
737 2218 895 2261 visibi-

189 2274 305 2319 lium
321 2283 366 2343 et
385 2276 687 2329 invisibilium
705 2277 801 2322 tela
812 2289 895 2320 ne·

188 2326 756 2454 qugsssrglfgmlgbffiffi.
770 2361 897 2444 at-lua

191 2446 506 2501 benedicia,et
520 2448 813 2507 imponendo
829 2449 897 2490 di-

190 2514 265 2551 cat
286 2522 295 2552 2
321 2512 501 2571 Accipe
522 2511 592 2556 vir
612 2512 785 2558 devote
806 2507 895 2559 (vel

191 2571 360 2617 devota
390 2565 579 2625 mulier)
609 2571 738 2615 hunc
767 2569 898 2615 habl-

191 2638 289 2675 tum
301 2630 609 2675 benedictum
621 2643 630 2674 :
650 2629 899 2687 precautes

188 2688 534 2735 sanctissimam
565 2688 827 2744 Virginem,
847 2695 900 2732 ut

191 2749 292 2804 ejus
318 2748 497 2792 meritis
529 2747 661 2791 illum
691 2746 902 2803 perferas

192 2807 293 2851 sine
312 2806 512 2857 muenia,
540 2813 589 2850 et
610 2813 659 2849 te
679 2806 742 2850 ab
769 2806 901 2849 omni

194 2864 477 2911 adversitate
498 2865 739 2914 defendat.
756 2872 904 2923 atque

953 386 1019 431 ad
1059 385 1205 431 vitam
1246 384 1476 444 perducat
1516 382 1665 430 aeter«

954 459 1082 490 nam.
1134 442 1205 499 RJ.
1240 447 1409 490 Amen.

1011 504 1210 556 Adesto,
1220 504 1341 556 Dfie,
1356 502 1665 561 supplicatio-

954 564 1094 609 nibus
1107 565 1297 609 nostris:
1312 571 1359 608 et
1373 564 1499 607 hunc
1513 562 1666 607 samu-

954 624 1053 667 lum
1082 630 1216 667 tuum
1239 616 1331 677 (vel
1364 623 1490 667 hanc
1517 622 1665 666 ancil-

953 682 1050 726 lam
1065 674 1476 738 tuam)‚quem(vel
1498 673 1658 738 quam)

953 740 1206 785 Sodalitati
1236 740 1430 785 sanctae
1458 739 1665 796 Religio·

954 800 1027 844 nis
1056 800 1370 844 Carmelitaru
1405 798 1658 850 socidmus,

953 858 1186 916 perpetua
1221 859 1391 903 *tribue
1442 857 1665 902 firmitate

953 917 1333 970 corroborarimt,
1349 916 1664 975 perseveranti

954 976 1351 1081 &23331‘223325
1353 975 1666 1080 ¹s¹21¹1¹1¹m5ffl¹‘

1015 1093 1233 1151 Protege,
1262 1094 1480 1145 Domine,
1513 1093 1666 1139 semu-

954 1154 1053 1198 lum
1077 1162 1212 1198 tuum
1231 1149 1320 1209 (vel
1347 1154 1567 1197 ancillam
1592 1161 1666 1197 tu-

954 1207 1068 1266 am),
1088 1211 1310 1258 subsidiis
1324 1213 1454 1270 pacis
1476 1219 1523 1256 et
1547 1211 1665 1256 Bea-

954 1281 1033 1317 tae
1055 1272 1241 1316 Mariae
1257 1285 1444 1329 semper
1455 1271 1666 1329 Virginis

954 1330 1229 1389 patrociniis
1270 1331 1589 1376 confidentem
1635 1345 1666 1374 a

954 1389 1138 1436 cunctis
1169 1390 1385 1437 hostibus
1415 1391 1563 1448 redde
1593 1404 1666 1435 se-

956 1448 1123 1494 curum
1143 1445 1236 1502 (vel
1258 1449 1509 1499 securam).

1017 1502 1224 1562 Bene÷
1248 1509 1376 1553 dicat
1408 1516 1456 1553 te
1487 1507 1666 1554 Condi-

957 1576 1034 1613 tor
1073 1567 1190 1613 coeli
1234 1576 1282 1612 et
1323 1576 1490 1619 terrae.
1533 1567 1667 1612 Deus

957 1627 1276 1684 omnipotens,
1300 1628 1382 1684 qui
1411 1635 1459 1671 te
1493 1625 1667 1683 eligere

957 1685 1183 1745 dignatus
1197 1694 1267 1732 est
1282 1687 1344 1732 ad
1357 1685 1665 1732 Beatissimae

957 1746 1169 1804 Virginis
1191 1747 1377 1791 Mariae
1403 1747 1464 1791 de
1495 1746 1665 1790 Monte

959 1805 1180 1850 Carmelo
1189 1805 1473 1850 Societatem
1484 1813 1530 1850 et
1541 1803 1581 1850 C
1586 1816 1668 1849 on-

959 1865 1325 1909 fratemitatem:
1348 1878 1493 1922 quam
1508 1863 1668 1921 preca-

958 1937 1078 1974 mur.
1108 1933 1160 1968 ut
1188 1925 1237 1968 in
1266 1925 1383 1968 hora
1410 1923 1571 1969 obitus
1599 1923 1667 1967 tui

958 1982 1171 2027 conterat
1222 1991 1366 2041 caput
1417 1981 1663 2039 serpentis,

960 2043 1041 2098 qui
1071 2042 1154 2086 tibi
1184 2050 1254 2087 est
1286 2042 1594 2091 adversarius,
1621 2048 1668 2085 et

960 2102 1169 2153 tandem,
1218 2109 1465 2159 tamquam
1519 2099 1669 2145 victor

960 2160 1184 2216 palmam,
1212 2170 1258 2205 et
1285 2160 1514 2205 coronam
1548 2172 1669 2205 sem·

960 2219 1174 2275 piternae
1215 2219 1517 2263 haereditatis
1559 2231 1671 2263 con-

959 2277 1185 2334 sequans.
1216 2278 1307 2321 Per
1316 2278 1561 2322 Christum
1573 2277 1671 2322 Do-

962 2337 1145 2380 minum
1160 2342 1388 2380 nostrum.
1411 2327 1484 2384 R7·
1495 2337 1663 2380 Amen.

1021 2390 1070 2433 Si
1103 2394 1260 2433 autem
1292 2387 1481 2431 habitus
1515 2386 1664 2431 solum

962 2449 1021 2493 sit
1051 2449 1414 2499 benedicendus,
1446 2447 1666 2504 incipitur

962 2523 991 2551 a
1020 2506 1081 2565 ΧΤ.
1110 2509 1415 2558 Ad'utorium
1437 2518 1666 2564 nostrum,

962 2581 1113 2623 usque
1146 2581 1175 2610 a
1247 2568 1505 2611 orationem
1552 2571 1617 2616 Su
1654 2597 1672 2605 -

967 2628 1159 2687 pliciter,
1183 2627 1416 2670 inclusive.
1485 2625 1603 2669 Dein
1644 2640 1668 2670 e

964 2693 1187 2743 aspergat
1226 2686 1508 2729 confratrem
1547 2700 1670 2744 aqua

966 2744 1218 2790 benedicta
1239 2752 1286 2791 et
1307 2745 1560 2803 subjungat
1581 2762 1590 2791 τ

1030 2806 1137 2863 Ego
1150 2803 1448 2857 auctoritate,
1463 2818 1559 2862 qua
1572 2806 1674 2851 sun-

966 2878 1068 2923 gor,
1087 2872 1135 2910 et
1157 2864 1272 2909 mihi
1294 2863 1537 2917 concessa,
1560 2867 1674 2911 reci-
