2050 3392
324 276 429 332 350
498 262 611 318 Die
635 260 675 315 8
696 260 865 329 Sept„
890 257 953 310 in
980 252 1305 308 Nativitate
1330 249 1396 303 B.
1426 246 1512 300 M.
1547 246 1601 299 V.

323 410 423 442 una
445 409 557 441 cum
586 393 748 440 multis
775 392 880 437 aliis
909 404 1034 436 mar-

327 456 442 525 tyrii·
458 454 699 500 certemen
724 451 923 497 feliciter
951 449 1036 495 ab-

328 516 639 620 361TmenDeum
658 568 925 615 laudamus.
947 582 1015 624 17.

1362 399 1545 449 Oratio.

1231 474 1497 521 AMULIS
1531 472 1639 522 tuis,
1668 484 1819 528 quae-

1264 549 1428 581 sumus
1445 534 1566 584 Bne,
1592 529 1818 577 coelestis

1101 595 1281 655 gratiae
1320 606 1495 639 munus
1536 590 1819 649 impertire:

1103 664 1154 701 ut
1189 655 1362 713 quibus
1396 652 1568 698 beatae
1604 648 1824 707 Virginis

1103 723 1267 773 partus
1297 713 1448 758 extitit
1479 709 1648 755 salutis
1684 708 1824 753 exer-

1103 776 1250 825 dium,
1261 770 1536 818 Nativitatis
1544 770 1648 827 ejus
1658 767 1824 812 votiva

1105 833 1392 883 solemnitas,
1448 830 1582 889 pacis
1640 827 1825 873 tribuat

1105 891 1460 939 incrementum.
1520 889 1610 933 Per
1634 888 1820 932 Diium.

1163 946 1827 1001 DeindefitCommemoratio

1110 1016 1157 1061 S.
1200 1011 1695 1065 Hadriani,ix·1artrris
1731 1011 1829 1057 hoc

1110 1076 1218 1123 loco
1240 1082 1440 1127 tantum,
1458 1074 1580 1121 Asia.
1648 1066 1698 1112 ui
1723 1065 1830 1111 odit

1111 1132 1322 1179 animam
1345 1142 1481 1176 suam
1501 1127 1550 1173 in
1570 1127 1667 1172 hoc
1689 1139 1831 1170 mun-

1113 1194 1191 1244 do,
1219 1192 1266 1236 in
1294 1191 1440 1235 vitam
1467 1188 1712 1234 aeternam
1749 1199 1832 1230 cu-

1114 1251 1259 1299 stedit
1283 1263 1402 1296 eam,

1176 1310 1237 1370 XV.
1290 1316 1424 1355 ustus
1439 1315 1492 1353 ut
1507 1307 1672 1365 palma
1693 1303 1834 1350 flore-

1115 1371 1197 1416 bit.
1332 1405 1339 1414 .
1373 1368 1504 1413 Sicut
1540 1367 1712 1411 cedrus
1751 1362 1835 1409 Li·

1117 1428 1230 1475 bani
1253 1425 1654 1486 multiplicabitur.

1386 1511 1567 1560 Oratio,

1350 1585 1520 1632 ESTA
1541 1596 1839 1643 quaesumus

1293 1646 1600 1705 omnipotens
1654 1644 1789 1689 Deus
1826 1656 1838 1687 ε

1122 1717 1176 1755 ut
1196 1708 1279 1767 qui
1299 1706 1426 1753 beeti
1451 1704 1689 1750 Hadriam
1707 1702 1842 1748 Mer-

1125 1769 1240 1828 tyris
1269 1768 1338 1813 tui
1365 1764 1584 1811 natalitia
1613 1764 1835 1814 emimus,

1125 1826 1457 1874 intercessione
1478 1825 1580 1882 eJus
1597 1825 1647 1868 in
1665 1823 1734 1868 tui
1755 1822 1845 1868 ne-

1127 1889 1266 1933 minis
1319 1885 1483 1931 amere
1538 1882 1839 1929 roboremur.

1131 1949 1219 1993 Per
1239 1946 1517 1993 Deminum.

1190 2010 1266 2054 Ad
1287 2004 1506 2053 Primam.
1532 2003 1589 2050 In
1609 2002 1685 2065 R7.
1716 2002 1845 2058 brevi

1132 2071 1303 2116 dicitur
1375 2101 1386 2114 .
1408 2063 1505 2118 Qui
1534 2068 1679 2108 natus
1706 2074 1760 2107 es
1784 2062 1849 2106 de

1133 2124 1291 2172 Maria
1348 2123 1511 2183 irgine.
1572 2126 1635 2170 Et
1652 2126 1721 2170 sic
1735 2125 1846 2169 diei·

1134 2198 1211 2234 tur
1258 2203 1345 2247 per
1391 2195 1543 2233 totam
1590 2186 1841 2236 Octavam,

1134 2251 1276 2296 etiam
1300 2250 1349 2295 in
1369 2248 1512 2294 festis.

1312 2338 1389 2377 AD
1417 2334 1678 2372 TERTIAM.

1197 2410 1318 2452 Ana.
1338 2404 1383 2449 N
1387 2402 1577 2448 atIvitas
1592 2409 1668 2446 est
1685 2400 1846 2446 hodie.

1199 2464 1491 2523 Capitulum.
1512 2460 1594 2505 Ab
1615 2460 1768 2511 initio,
1798 2470 1853 2505 ut

1138 2540 1369 2645 suig‘br.
1402 2580 1569 2639 Specie
1598 2585 1698 2630 tua.
1729 2580 1755 2603 ἃ
1791 2579 1857 2624 Et

1138 2641 1486 2702 pulchritudine
1526 2648 1624 2686 tua.
1680 2636 1858 2696 speeie

1140 2715 1237 2750 tua.
1360 2738 1367 2745 .
1388 2700 1604 2751 Intende,
1625 2696 1861 2757 prespere

1140 2769 1430 2891 timuis}
1448 2757 1859 2864 ‘efflssifflr

1141 2882 1309 2940 Specie
1332 2889 1430 2928 tua.

527 675 603 710 AD
634 671 847 708 LAUDES

422 732 468 771 et
490 737 575 785 per
596 722 770 776 HoraS,
795 720 941 768 Asiae.

396 824 433 855 1.
502 807 742 854 Nativitas
804 802 1040 863 gloriesae

331 868 541 927 Virginis
555 866 773 912 *Mariae
788 879 847 910 ex
862 863 1041 909 semine

331 928 570 980 Abrahae,
620 934 754 972 ortae
804 926 865 970 de
916 923 1043 967 tribu

328 988 476 1051 Juda,
509 988 637 1032 clara
668 1000 727 1031 ex
758 985 903 1041 stirpe
944 983 1043 1027 Da·

335 1048 427 1095 vid.
450 1044 622 1091 Psalm.
640 1040 1046 1100 Deminusregne·

336 1108 415 1158 vit,
448 1119 559 1153 cum
577 1103 781 1167 reliquis.
807 1105 875 1148 18.

396 1180 440 1211 2.
478 1164 716 1210 NatIvitas
747 1171 817 1208 est
853 1161 997 1207 hedie
1021 1159 1047 1182 ’κ’

337 1224 533 1270 sanetae
586 1223 771 1267 Mariae
821 1221 1042 1277 Virginis,

338 1283 471 1340 cujus
511 1282 609 1327 vita
643 1281 821 1338 inclyta
853 1278 1050 1324 cunetas

337 1342 538 1388 illustrat
561 1340 809 1385 EcclesiaS.

401 1416 440 1459 3.
483 1400 647 1457 Regali
680 1413 737 1444 ex
768 1396 994 1455 progenie
1025 1395 1053 1421 ᾗ·

345 1460 504 1505 Maria
523 1460 689 1505 exerta
709 1456 912 1514 refulget
939 1470 949 1501 :
972 1469 1055 1501 cu-

340 1521 417 1578 jus
455 1519 673 1577 precibus
713 1530 802 1562 nos
841 1514 1054 1573 adjuvari

346 1587 507 1625 mente
514 1587 563 1624 et
575 1578 745 1637 spiritu
752 1574 1056 1622 devotissime

347 1639 604 1699 pescimuS.

406 1714 451 1758 4.
475 1700 634 1745 Corde
648 1706 696 1745 et
710 1696 872 1744 auimo
887 1693 1058 1741 *Chri-

348 1768 427 1805 sto
441 1759 670 1805 canamus
683 1757 899 1816 gleriam‚
905 1755 955 1800 in
966 1755 1058 1800 hac

352 1833 487 1864 sacra
518 1816 819 1864 solemnitate
854 1814 1060 1874 praecel-

353 1892 435 1923 sae
455 1877 707 1925 Genitricis
728 1877 817 1921 Dei
841 1874 1041 1920 Mariae.

414 1948 456 1994 5.
518 1936 644 1981 Cum
694 1934 993 1994 jucunditate
1040 1937 1067 1961 ἃ

358 1996 670 2042 Nativitatem
687 1994 856 2040 beatae
877 1992 1064 2039 Mariae

357 2055 659 2106 celebremus,
679 2062 733 2098 ut
748 2055 853 2111 ipsa
871 2067 961 2111 pro
981 2066 1067 2098 no-

358 2114 431 2160 bis
447 2113 706 2159 intercedat
721 2114 786 2158 ad
804 2113 1066 2160 Deminum

352 2175 521 2238 Jesum
543 2173 800 2219 Christum.

424 2236 578 2295 Capit.
601 2233 680 2277 Ab
700 2232 849 2278 initio.
881 2234 1063 2293 Hymn.

362 2293 407 2340 Ο
427 2292 647 2351 gloriesa.
674 2293 811 2337 clxxi.

423 2353 487 2413 XI.
530 2351 768 2398 Nativitas
812 2359 882 2397 est
926 2350 1071 2397 hedie

360 2413 557 2460 sanetae
609 2412 794 2457 Mariae
842 2410 1064 2468 Virginis.

368 2474 441 2531 R7.
459 2473 609 2530 Cujus
630 2472 728 2517 vita
755 2471 932 2529 inclyta
958 2482 1073 2514 cun-

362 2532 466 2578 etas
486 2531 688 2577 illustrat
711 2530 958 2575 Ecclesias.

365 2650 511 2697 tetem
529 2649 807 2697 hodiernam
819 2648 1075 2707 perpetuae

365 2708 575 2767 VIrginis
590 2709 842 2755 Genitricis
859 2708 949 2754 Dei
968 2708 1075 2752 Ma-

367 2766 464 2811 riae
485 2769 755 2815 solemniter
768 2767 1070 2819 celebremus,

367 2837 483 2892 qua·
502 2826 754 2874 celsitt'ido·
773 2827 929 2874 throni
969 2841 1078 2885 pro-

368 2881 519 2935 cessit.
544 2885 748 2934 alleluia.
