2050 3392
301 209 421 302 '178
517 229 683 299 Infra
710 225 885 280 Hebcl.
913 222 1215 277 secundam
1245 214 1604 288 Septembris.

323 368 621 416 sonantibus:
633 373 746 412 tunc
754 363 871 409 vidit
885 362 1027 412 illam,

324 439 372 475 et
386 428 635 479 enarravit,
650 432 696 471 et
714 421 1028 483 praeparavit,

326 498 374 535 et
416 486 727 543 investigavit.
812 484 874 527 Et
917 482 1034 526 dixit

328 549 508 595 hemini
538 562 547 592 :
583 546 708 589 Ecce
746 544 888 587 timor
920 540 1030 591 Dni,

328 611 435 667 ipsa
453 616 525 652 est
547 604 782 662 sapientia
809 616 818 646 :
842 608 889 645 et
911 600 1038 645 rece-

329 671 440 715 dere
462 682 491 711 a
511 665 653 714 malo,
682 660 1002 717 intelligentia.

395 728 465 787 ΚΤ.
485 725 599 770 Non
622 721 903 767 abscendas.
934 730 1031 776 175.

740 813 770 821 -ο

418 867 619 914 FERIA
651 863 946 921 QUARTA.

507 937 582 981 De
608 935 727 979 libro
742 933 854 996 Job.

381 1012 546 1061 Leetio
567 1011 596 1058 i.
724 1006 835 1063 Cap.
865 1003 985 1048 xxxi.

359 1085 552 1143 ’,ᾗ
572 1080 612 1124 Ε
637 1079 673 1123 Ρ
695 1078 715 1121 Ι
739 1078 783 1121 G
809 1077 829 1120 1
873 1068 1043 1120 foedus·

363 1154 369 1169 ⁴
426 1135 500 1201 ’ᾗ
543 1171 564 1197 ,-,
601 1152 709 1184 cum
733 1136 883 1183 oculis
906 1134 1038 1184 meis,

349 1217 375 1257 f-
411 1202 477 1265 '25‘
493 1207 570 1252 4
602 1205 655 1243 ut
690 1211 750 1242 ne
784 1194 1046 1252 cogiterem

349 1257 551 1300 QQ?
602 1258 799 1315 quidem
845 1257 907 1300 de
957 1252 1048 1297 vir-

338 1320 462 1377 gine.
529 1318 689 1373 Quam
712 1316 839 1360 enim
861 1322 1047 1373 partem

341 1378 536 1424 haberet
549 1379 596 1421 in
611 1392 688 1421 me
699 1376 830 1419 Deus
845 1374 1050 1430 desuper

340 1445 388 1490 et
413 1437 707 1482 haereditate
729 1434 1050 1490 Omnipotens

341 1499 404 1543 de
425 1498 619 1541 excelsis
639 1497 661 1540 Ρ
683 1493 933 1550 Numquid
954 1505 1050 1536 non

341 1557 550 1616 perditio
572 1564 643 1600 est
665 1555 842 1611 iniqu0,
870 1559 917 1595 et
939 1551 1052 1595 alie-

343 1617 475 1662 natio
515 1614 825 1673 operamibus
868 1610 1051 1670 injusti-

345 1678 461 1723 tiam
491 1677 513 1722 ?
546 1676 721 1721 Nonne.
762 1674 863 1732 ipse
899 1670 1054 1716 consi-

345 1739 481 1783 derat
505 1737 601 1782 vias
623 1748 769 1786 meas,
788 1741 837 1778 et
854 1731 1054 1777 cunetos

345 1811 533 1855 gressus
575 1809 709 1840 meos
745 1791 1056 1839 dinumerat?

346 1858 396 1901 Si
419 1855 656 1900 ambula-vi
685 1855 731 1898 in
755 1850 979 1901 vanitate,
1007 1856 1055 1894 et

345 1915 582 1960 festinavit
599 1915 646 1958 in
665 1912 778 1957 dolo
795 1925 879 1969 pes
901 1923 1049 1960 meus,

347 1975 591 2033 appendat
620 1987 697 2017 me
721 1973 766 2016 in
788 1969 966 2016 statera
984 1970 1056 2026 ju-

346 2044 434 2085 sta,
461 2042 508 2078 et
530 2034 649 2078 sciat
673 2032 803 2076 Deus
835 2028 1057 2087 simplici-

347 2094 493 2140 tatem
518 2107 688 2137 meam.

404 2160 475 2205 Rf‘.
509 2153 629 2208 Quis
652 2152 766 2197 mihi
790 2151 977 2200 tribuat,
1004 2155 1057 2191 ut

348 2215 397 2259 in
426 2213 605 2258 inferno
636 2213 863 2270 pretegas
892 2222 982 2259 me,
1010 2214 1058 2251 et

348 2274 620 2320 abscendas
651 2286 741 2322 me,
769 2272 922 2314 donec
953 2281 1057 2325 per-

351 2334 558 2380 trz'mseat
609 2331 737 2376 furor
789 2338 908 2378 tuus,
961 2327 1059 2372 Do-

351 2395 492 2444 mine,
520 2393 608 2437 nisi
641 2399 706 2442 tu,
733 2389 815 2446 qui
848 2388 975 2432 solus
1008 2399 1058 2430 es

352 2455 550 2498 Deus?⁴‘·
579 2453 640 2496 Et
662 2447 924 2495 constituas
946 2446 1058 2490 mihi

352 2522 554 2570 tempus,
586 2512 635 2555 in
670 2523 768 2568 quo
803 2505 1061 2552 recorderis

352 2574 459 2618 mei.
529 2576 588 2625 V,
649 2567 899 2624 Numquid
941 2565 1061 2610 sicut

353 2633 453 2677 dies
495 2625 712 2680 hominis,
752 2628 853 2672 dies
889 2625 970 2676 tui,
1010 2632 1063 2668 ut

353 2704 552 2747 quaeras
573 2687 867 2747 iniquitatem
885 2697 1061 2736 meam;

354 2762 464 2792 cum
486 2750 542 2792 sit
565 2761 719 2798 nemo,
742 2746 822 2803 qui
841 2747 902 2790 de
917 2757 1065 2788 manu

355 2813 438 2850 tua
453 2807 602 2861 possit
618 2806 778 2852 eruere
786 2805 931 2850 ?-—Et
952 2816 1065 2848 con-

356 2862 537 2907 stituas.

1334 372 1503 419 Leetio
1540 374 1586 419 ii.

1249 446 1270 490 Ι
1315 441 1570 489 declinaVit
1625 454 1831 498 gressus

1276 517 1410 549 meus
1452 503 1514 547 de
1556 502 1650 553 via,
1694 509 1747 545 et
1791 501 1834 545 si

1105 573 1319 612 secutum
1361 570 1434 608 est
1475 562 1647 607 eculos
1690 573 1836 605 meos

1106 640 1189 671 cor
1224 637 1396 674 meum,
1435 629 1484 667 et
1520 622 1559 666 si
1597 620 1837 665 manibus

1107 686 1225 731 meis
1246 682 1465 729 adhaesit
1496 680 1693 725 macula
1722 694 1733 725 z
1759 692 1838 724 se-

1108 760 1224 797 ram,
1263 751 1309 788 et
1340 742 1462 787 alius
1494 740 1745 791 comedat,
1785 745 1838 783 et

1109 804 1361 863 progenies
1393 814 1505 845 mea
1535 799 1829 844 eradicetur.

1110 865 1160 910 Si
1182 863 1437 919 deceptum
1460 867 1534 905 est
1555 872 1643 904 cor
1663 871 1838 904 meum

1111 937 1254 982 super
1304 920 1514 972 mulIere,
1572 927 1621 963 et
1676 918 1716 962 si
1770 918 1842 961 ad

1112 984 1288 1030 estium
1305 981 1443 1026 amici
1462 979 1555 1024 mei
1573 977 1843 1023 insidiatus

1113 1057 1220 1088 sum
1247 1056 1258 1087 :
1291 1048 1501 1087 scortum
1536 1038 1734 1083 alterius
1774 1037 1844 1082 sit

1114 1116 1234 1147 uxor
1274 1114 1395 1153 mea,
1435 1107 1483 1144 et
1519 1111 1667 1155 super
1699 1096 1844 1141 illam

1115 1162 1416 1207 incurventur
1429 1159 1523 1204 alii.
1575 1157 1689 1202 Hoc
1704 1157 1846 1201 enim

1115 1222 1248 1267 nefas
1279 1228 1364 1271 est,
1392 1227 1439 1264 et
1471 1217 1700 1275 iniquitas
1734 1215 1849 1260 ma-

1117 1282 1257 1326 xima.
1317 1280 1448 1338 Ignis
1479 1285 1552 1323 est
1584 1289 1741 1333 usque
1776 1275 1849 1320 ad

1117 1401 1281 1447 omnia
1300 1398 1550 1444 eradicans
1566 1394 1844 1453 genimina.

1178 1469 1253 1529 RJ,
1279 1459 1480 1504 Utinam
1500 1454 1853 1513 appenderen-

1119 1529 1196 1565 tur
1245 1518 1446 1577 peccata
1489 1529 1613 1566 mea,
1662 1515 1855 1572 quibus

1119 1582 1238 1625 iram
1266 1577 1469 1628 merui,÷÷
1495 1575 1559 1619 Et
1586 1574 1856 1620 calemitas

1118 1652 1265 1703 quam
1286 1637 1452 1695 patior,
1474 1636 1524 1679 in
1539 1633 1735 1680 statera.
1768 1643 1840 1704 γ,

1120 1698 1270 1754 Quasi
1285 1696 1430 1743 arena
1443 1694 1585 1741 maris
1598 1694 1724 1739 haec
1737 1692 1856 1752 gre,-

1121 1761 1223 1803 vior
1277 1756 1543 1815 appareret,
1599 1755 1737 1799 unde
1798 1762 1858 1799 et

1909 1117 1915 1264 Ξ

1117 1340 1436 1399 perditionem
1485 1336 1741 1388 devorans,
1782 1342 1851 1384 ret
1912 1345 1915 1354 ·

1121 1819 1267 1864 verba
1286 1831 1398 1862 mea
1417 1815 1582 1861 dolore
1604 1821 1720 1860 sunt
1744 1813 1861 1872 ple-

1122 1892 1197 1924 na.
1205 1877 1330 1921 -Et
1356 1875 1615 1922 calamitas.

1351 1960 1515 2009 Lectio
1542 1960 1600 2005 iii.

1264 2027 1281 2069 Ι
1302 2022 1566 2081 contempsi
1590 2020 1754 2065 subire
1774 2022 1860 2078 ju-

1287 2085 1468 2137 dicium
1526 2095 1637 2127 cum
1703 2094 1859 2126 servo

1126 2159 1247 2197 meo,
1285 2152 1332 2189 et
1363 2143 1538 2188 ancilla
1566 2154 1691 2192 mea,
1733 2154 1857 2187 cum

1126 2204 1447 2262 disceptArent
1468 2201 1722 2247 adversum
1748 2215 1851 2247 me.

1126 2265 1256 2319 Quid
1308 2264 1435 2308 enim
1486 2261 1676 2314 faciam,
1734 2275 1858 2307 eum

1126 2324 1376 2369 surrexerit
1417 2323 1481 2367 ad
1523 2321 1859 2379 judicendum

1130 2385 1260 2428 Deus
1292 2384 1312 2427 Ρ
1342 2389 1390 2426 et
1420 2394 1530 2427 cum
1563 2381 1850 2436 quaesierit,

1126 2444 1241 2502 quid
1259 2441 1561 2500 respondebo
1575 2440 1641 2484 illi
1655 2441 1676 2483 ?
1691 2441 1858 2484 Num-

1127 2503 1243 2561 quid
1265 2515 1362 2546 non
1388 2502 1433 2545 in
1457 2500 1593 2544 utero
1625 2500 1742 2544 fecit
1773 2513 1858 2543 me

1128 2563 1209 2620 qui
1238 2569 1286 2606 et
1316 2561 1450 2605 illum
1479 2559 1712 2616 operatus
1735 2566 1811 2604 est
1842 2573 1855 2604 ε

1129 2631 1178 2668 et
1219 2620 1437 2666 formAvit
1489 2632 1568 2663 me
1616 2619 1665 2663 in
1708 2618 1858 2664 vulva

1129 2681 1283 2727 unus?
1323 2680 1371 2724 Si
1394 2677 1580 2736 negfivi,
1608 2679 1745 2736 quod
1768 2690 1858 2722 vo-

1130 2742 1305 2791 lebant,
1331 2738 1637 2797 pauperibuS‚
1663 2745 1712 2782 et
1734 2736 1856 2782 ecu-

1131 2802 1204 2846 los
1239 2800 1412 2844 viduae
1445 2796 1703 2854 expee’thse
1737 2796 1849 2842 feei.

1132 2861 1181 2904 Si
1198 2858 1384 2904 comedi
1401 2856 1666 2902 buccellam
1685 2868 1855 2900 meam

1913 1888 1919 2031 i
