2050 3392
352 288 415 342 50
613 278 787 331 Feria
809 277 1050 330 secunda
1075 276 1158 328 ad
1174 276 1549 328 Matutinum.

347 434 354 445 ς
413 401 575 446 Unam
611 399 723 458 petii
760 413 791 444 a
828 399 1051 448 deino.

349 463 473 508 hane
510 460 757 529 requiram,
787 457 888 503 *ut
926 458 1058 503 ἰῃὴὰ-

349 521 524 566 bitem
514 534 561 564 ln
578 521 724 564 domo
747 518 940 563 deini
956 517 1058 562 όιῐι-

351 581 489 625 nibus
510 580 675 625 diebus
698 579 820 623 vitae
841 590 975 621 meae
996 591 1006 622 :

340 663 346 667 -
415 640 482 684 Ut
537 639 725 683 videam
768 636 1058 695 voluptatem

352 697 615 749 Βόῐῐιίιιὶ,ἰ
646 707 692 743 et
725 696 909 741 visitem
944 704 1061 740 tem-

351 759 483 816 plum
506 761 619 817 ejus.

412 818 652 873 Qudniam
660 816 910 862 absedndit
919 828 996 859 me
1009 815 1058 858 in

353 877 657 922 tabernaculo
693 890 817 921 suo:
841 874 868 899 ⁴*
896 876 944 919 in
981 875 1059 918 die

353 936 584 982 maldrum
627 936 831 994 protexit
883 948 960 978 me
1010 935 1058 977 in

353 994 634 1041 abscdndito
657 993 944 1040 tabernAculi
966 994 1053 1038 sui.

415 1056 469 1099 In
492 1064 627 1113 petra
656 1053 877 1098 exaltavit
899 1066 976 1096 me
998 1067 1007 1096 :
1032 1050 1059 1075 ⁴*

344 1122 400 1159 et
456 1128 582 1159 nunc
638 1113 860 1158 exaltavit
912 1120 1058 1169 caput

353 1188 512 1218 meum
526 1187 669 1230 super
679 1172 893 1217 inimicos
907 1185 1053 1216 meos.

413 1233 628 1283 Circuivi,
667 1239 713 1276 et
750 1230 1060 1275 immolaviin

354 1291 657 1337 tabernaculo
707 1292 807 1348 ejus
853 1289 1060 1335 hdstiam

353 1351 698 1396 vociferatidnis
725 1364 735 1394 ε
768 1349 795 1374 ⁴*
836 1349 1054 1401 cantdbo,

353 1411 645 1468 etpsalmum
660 1410 814 1453 dicam
831 1408 1056 1453 deino.

415 1469 614 1521 Exaudi,
649 1468 865 1519 deine,
893 1481 1060 1512 vocem

355 1543 523 1580 meam,
583 1542 679 1585 qua
737 1526 935 1573 clamevi
996 1528 1061 1571 ad

354 1597 425 1634 te:
441 1588 468 1613 ⁴*
490 1587 707 1632 miserere
723 1587 827 1639 mei,
850 1594 898 1632 et
918 1586 1061 1631 exaltu-

352 1648 399 1693 di
424 1662 512 1693 me.

358 1745 364 1752 .
411 1709 521 1753 Tibi
543 1708 662 1753 dixit
683 1721 766 1754 cor
785 1721 957 1759 meum,
981 1720 1060 1751 ex-

351 1768 542 1825 quisivit
565 1777 612 1813 te
632 1767 776 1813 facies
796 1781 927 1812 mea:
943 1765 970 1791 ⁴⁶
993 1766 1061 1811 sa-

352 1830 472 1873 ciem
489 1836 634 1878 tuam,
659 1829 777 1879 Dae,
798 1825 1051 1884 requiram.

414 1888 490 1932 Ne
511 1887 693 1932 avertas
725 1886 893 1931 faciem
928 1895 1060 1930 tuam

351 1961 383 1991 a
406 1960 511 1991 me:
536 1946 563 1971 ὕ
584 1960 643 1990 ne
674 1946 881 1990 declines
912 1946 961 1989 in
991 1946 1063 1989 ira

351 2020 382 2051 a
402 2019 536 2051 servo
557 2014 655 2050 tuo.

412 2064 618 2124 Adjutor
639 2078 772 2109 meus
793 2072 928 2110 esto:
951 2063 979 2088 ⁴*
999 2076 1060 2107 ne

354 2126 650 2183 derelinquas
679 2138 768 2176 me,
796 2137 949 2180 neque
979 2124 1061 2167 de-

355 2185 527 2243 spicias
556 2199 645 2237 me,
681 2184 812 2228 Deus
843 2181 1062 2228 salutatis

353 2258 503 2289 meus.

413 2304 654 2359 Qudniam
686 2311 823 2360 pater
840 2315 987 2353 meus,
1014 2308 1063 2345 et

356 2372 508 2409 mater
564 2376 672 2407 mea
718 2361 1063 2418 dereliquerunt

355 2437 464 2468 me:
455 2422 510 2447 ·*
533 2422 768 2467 deinus
808 2429 969 2465 autem
989 2433 1065 2464 as-

355 2481 557 2540 sumpsit
580 2494 669 2526 me.

410 2543 595 2611 Legem
632 2554 757 2598 pone
792 2537 921 2590 mihi,
966 2537 1066 2583 D&-

356 2602 495 2653 mine,
513 2602 559 2644 in
579 2601 655 2645 via
677 2608 783 2644 tua:
802 2598 829 2624 ³*
851 2606 897 2643 et
914 2598 1066 2654 dirige

356 2674 434 2705 me
495 2661 542 2705 in
604 2659 822 2705 semitam
884 2657 1066 2702 redtam

358 2727 552 2777 propter
572 2718 785 2763 inimicos
805 2730 952 2762 meos.

422 2778 499 2821 Ne
520 2778 768 2822 tradideris
800 2791 876 2821 me
898 2777 945 2820 in
965 2775 1067 2821 ani-

359 2850 464 2890 mas
520 2834 868 2881 tribulAnfium
861 2849 956 2880 me
994 2850 1003 2880 :
1039 2835 1067 2860 ⁴*

362 2894 587 2953 qudniam
631 2894 976 2941 insurrexerunt
1017 2895 1066 2939 in

1127 411 1204 444 me
1221 404 1363 442 testes
1385 395 1546 453 iniqui,
1567 402 1615 441 et
1637 396 1842 441 mentita

1126 464 1196 502 est
1220 456 1444 513 iniquitas
1465 456 1569 501 sibi.

1188 516 1345 561 Credo
1383 515 1539 561 videre
1574 515 1701 559 bona
1739 513 1840 560 Βό-

1128 576 1242 620 mini
1265 575 1362 619 in
1385 583 1508 619 terra
1531 574 1803 620 viventium.

1189 634 1404 692 Expedta
1424 633 1704 685 deinum‚
1733 632 1838 678 viri·

1127 695 1232 739 liter
1261 706 1352 750 age
1380 708 1390 738 :
1413 693 1441 717 ὓ
1462 700 1508 737 et
1543 693 1839 738 confortetur

1128 767 1212 798 eor
1232 761 1380 805 tuum,
1404 760 1451 797 et
1467 751 1648 797 sustine
1672 751 1836 798 dei-

1129 827 1259 859 num.

1293 886 1506 935 Psalmus
1528 888 1664 935 xxvii.

1289 991 1336 1036 D
1358 998 1418 1043 te,
1442 991 1563 1043 Dfie,
1586 990 1807 1036 clamabo
1828 1003 1838 1043 ς

1320 1051 1451 1095 Deus
1468 1064 1615 1102 meus,
1630 1064 1690 1094 ne
1700 1051 1841 1095 sileas

1127 1123 1158 1154 a
1189 1123 1266 1154 me
1293 1124 1303 1154 :
1336 1109 1364 1133 ὓ
1395 1109 1654 1166 nequando
1683 1109 1840 1154 taceas

1127 1183 1157 1214 a
1198 1183 1288 1221 me,
1331 1176 1379 1213 et
1421 1168 1723 1214 assimilabor
1762 1169 1841 1213 de-

1128 1228 1463 1274 scendentibus
1484 1228 1531 1273 in
1556 1228 1730 1273 lacum.

1190 1278 1390 1340 ExAudi,
1420 1287 1639 1338 deine,
1675 1301 1841 1332 vocem
1868 1316 1879 1323 -

1129 1347 1476 1405 depreeatidnis
1532 1360 1669 1391 meae
1725 1348 1840 1391 dum

1129 1420 1214 1452 oro
1245 1408 1309 1451 ad
1342 1416 1388 1452 te
1416 1421 1425 1452 :
1458 1406 1486 1431 ⁴*
1518 1406 1633 1450 dum
1666 1406 1841 1451 extdllo

1132 1480 1298 1511 manus
1340 1480 1470 1511 meas
1510 1467 1574 1510 ad
1610 1466 1840 1523 templum

1129 1526 1352 1570 sanetum
1375 1533 1523 1571 tuum.

1190 1586 1267 1630 Ne
1287 1586 1427 1630 simul
1456 1585 1614 1630 trahas
1636 1598 1714 1628 me
1735 1598 1841 1629 cum

1086 1657 1089 1663 ·
1129 1644 1476 1703 peecatdribus:
1494 1643 1520 1667 ¹*
1538 1652 1713 1688 etcum
1730 1658 1842 1703 ope-

1087 1739 1091 1743 >
1131 1705 1342 1749 rantibus
1413 1703 1714 1761 iniquitatem
1783 1717 1841 1749 ne

1130 1766 1301 1823 perdas
1323 1778 1413 1809 me.

1188 1825 1283 1879 Qui
1354 1821 1614 1881 loquuntur
1672 1837 1842 1882 pacem

1129 1898 1238 1928 cum
1271 1883 1488 1942 ρτόκίπιο
1519 1896 1628 1936 suo,
1657 1883 1685 1908 ⁴*
1719 1884 1845 1928 mala

1129 1951 1287 1987 autern
1313 1944 1359 1987 in
1381 1941 1602 1988 edrdibus
1622 1942 1827 1989 ebrum.

1191 2004 1268 2047 Da
1290 2004 1376 2047 iuis
1397 2001 1661 2047 secundum
1697 2003 1792 2060 dpe
1794 2015 1845 2047 ra

1129 2062 1307 2113 eo'rurn,
1316 2062 1396 2106 et
1407 2060 1670 2106 secundum
1680 2061 1845 2119 nequi·

1132 2122 1247 2166 tiam
1282 2121 1673 2166 adinventidnum
1716 2121 1843 2179 ips&—

1130 2195 1249 2226 rum.

1190 2239 1413 2285 Secunda
1435 2240 1582 2297 <Spera
1610 2239 1845 2286 munuum

1131 2299 1295 2345 edrum
1320 2301 1472 2344 tribue
1500 2300 1589 2344 illis
1614 2314 1624 2344 :
1647 2299 1676 2324 ⁴*
1698 2301 1846 2344 redde

1132 2359 1487 2404 retributidnem
1510 2358 1674 2405 ebrum
1708 2360 1840 2418 ipsis.

1191 2418 1431 2473 Qudniam
1475 2432 1570 2462 non
1607 2418 1848 2464 intellexe-

1132 2485 1242 2522 runt
1264 2478 1407 2535 (Spera
1431 2478 1538 2528 Dm,
1559 2485 1605 2521 et
1629 2478 1678 2521 in
1699 2478 1849 2536 (Spera

1134 2537 1360 2581 mdnuum
1381 2539 1481 2594 ejus
1503 2537 1531 2561 ὓ
1559 2536 1776 2582 destrues
1796 2537 1850 2581 il·-

1134 2598 1217 2647 los.
1245 2605 1292 2641 et
1315 2610 1410 2641 non
1431 2595 1704 2641 aedificabis
1725 2610 1838 2641 eos.-

1195 2655 1480 2701 Beneditstus
1524 2655 1763 2700 deinus
1787 2671 1797 2700 :
1820 2654 1847 2678 ⁴*

1134 2715 1360 2772 qudniam
1402 2714 1642 2760 exaudivit
1682 2728 1849 2761 vocem

1134 2774 1478 2832 deprecatidnis
1499 2787 1650 2820 meae.

1195 2833 1430 2879 deinus
1462 2833 1655 2890 adjutor
1694 2846 1842 2886 meus,

1134 2901 1181 2938 et
1202 2893 1444 2953 protedtor
1464 2893 1656 2938 meust*
1670 2893 1720 2939 in
1742 2894 1849 2953 ipso
