<?xml version="1.0" encoding="UTF-8"?>
<!DOCTYPE html PUBLIC "-//W3C//DTD XHTML 1.0 Transitional//EN"
    "http://www.w3.org/TR/xhtml1/DTD/xhtml1-transitional.dtd">
<html xmlns="http://www.w3.org/1999/xhtml" xml:lang="en" lang="en">
 <head>
  <title>
</title>
<meta http-equiv="Content-Type" content="text/html;charset=utf-8" />
  <meta name='ocr-system' content='tesseract 3.04.00' />
  <meta name='ocr-capabilities' content='ocr_page ocr_carea ocr_par ocr_line ocrx_word'/>
</head>
<body>
  <div class='ocr_page' id='page_1' title='image "./breviariumroman03churgoog_0527.png"; bbox 0 0 2050 3392; ppageno 0'>
   <div class='ocr_carea' id='block_1_1' title="bbox 353 249 1804 322">
    <p class='ocr_par' dir='ltr' id='par_1_1' title="bbox 353 249 1804 322">
     <span class='ocr_line' id='line_1_1' title="bbox 353 249 1804 322; baseline 0 -18"><span class='ocrx_word' id='word_1_1' title='bbox 353 250 459 318; x_wconf 87' lang='lat'>406</span> <span class='ocrx_word' id='word_1_2' title='bbox 495 251 607 305; x_wconf 83' lang='lat' dir='ltr'>Die</span> <span class='ocrx_word' id='word_1_3' title='bbox 624 251 699 305; x_wconf 78' lang='lat'>18</span> <span class='ocrx_word' id='word_1_4' title='bbox 713 252 885 321; x_wconf 68' lang='lat' dir='ltr'>Sept„</span> <span class='ocrx_word' id='word_1_5' title='bbox 906 252 966 305; x_wconf 90' lang='lat' dir='ltr'>S.</span> <span class='ocrx_word' id='word_1_6' title='bbox 990 249 1231 322; x_wconf 73' lang='lat' dir='ltr'>Josepbi</span> <span class='ocrx_word' id='word_1_7' title='bbox 1242 268 1280 304; x_wconf 88' lang='lat' dir='ltr'>a</span> <span class='ocrx_word' id='word_1_8' title='bbox 1292 250 1618 319; x_wconf 52' lang='lat' dir='ltr'>&#39;Camertium</span> <span class='ocrx_word' id='word_1_9' title='bbox 1641 250 1690 305; x_wconf 85' lang='lat' dir='ltr'><em>C</em></span> <span class='ocrx_word' id='word_1_10' title='bbox 1685 251 1804 320; x_wconf 74' lang='lat' dir='ltr'>anfi</span> 
     </span>
    </p>
   </div>
   <div class='ocr_carea' id='block_1_2' title="bbox 350 384 1062 1443">
    <p class='ocr_par' dir='ltr' id='par_1_2' title="bbox 351 384 1062 907">
     <span class='ocr_line' id='line_1_2' title="bbox 354 384 1062 435; baseline -0.001 -6"><span class='ocrx_word' id='word_1_11' title='bbox 354 399 465 431; x_wconf 86' lang='lat' dir='ltr'>vero</span> <span class='ocrx_word' id='word_1_12' title='bbox 480 385 674 431; x_wconf 72' lang='lat' dir='ltr'>sancftae</span> <span class='ocrx_word' id='word_1_13' title='bbox 689 384 1062 435; x_wconf 76' lang='lat' dir='ltr'>oratidnis,altis-</span> 
     </span>
     <span class='ocr_line' id='line_1_3' title="bbox 356 444 1060 503; baseline -0.001 -14"><span class='ocrx_word' id='word_1_14' title='bbox 356 446 598 503; x_wconf 86' lang='lat' dir='ltr'>simaeque</span> <span class='ocrx_word' id='word_1_15' title='bbox 644 444 1060 502; x_wconf 69' lang='lat' dir='ltr'>contemplatianis</span> 
     </span>
     <span class='ocr_line' id='line_1_4' title="bbox 355 504 1061 550; baseline -0.003 0"><span class='ocrx_word' id='word_1_16' title='bbox 355 506 633 550; x_wconf 82' lang='lat' dir='ltr'>assiduitate</span> <span class='ocrx_word' id='word_1_17' title='bbox 660 504 856 549; x_wconf 75' lang='lat' dir='ltr'>dulciter</span> <span class='ocrx_word' id='word_1_18' title='bbox 883 504 1061 549; x_wconf 85' lang='lat' dir='ltr'>enutri-</span> 
     </span>
     <span class='ocr_line' id='line_1_5' title="bbox 354 563 1059 616; baseline -0.001 -7"><span class='ocrx_word' id='word_1_19' title='bbox 354 566 434 610; x_wconf 88' lang='lat' dir='ltr'>vit.</span> <span class='ocrx_word' id='word_1_20' title='bbox 502 565 631 610; x_wconf 89' lang='lat' dir='ltr'>Hinc</span> <span class='ocrx_word' id='word_1_21' title='bbox 663 563 842 609; x_wconf 73' lang='lat' dir='ltr'>saGtum</span> <span class='ocrx_word' id='word_1_22' title='bbox 878 572 962 616; x_wconf 89' lang='lat' dir='ltr'>est,</span> <span class='ocrx_word' id='word_1_23' title='bbox 1003 572 1059 608; x_wconf 92' lang='lat' dir='ltr'>ut</span> 
     </span>
     <span class='ocr_line' id='line_1_6' title="bbox 354 624 1060 681; baseline -0.003 -12"><span class='ocrx_word' id='word_1_24' title='bbox 354 624 557 669; x_wconf 86' lang='lat' dir='ltr'>charitas</span> <span class='ocrx_word' id='word_1_25' title='bbox 580 624 681 674; x_wconf 90' lang='lat' dir='ltr'>Dei,</span> <span class='ocrx_word' id='word_1_26' title='bbox 704 636 827 681; x_wconf 89' lang='lat' dir='ltr'>quae</span> <span class='ocrx_word' id='word_1_27' title='bbox 843 624 943 681; x_wconf 76' lang='lat' dir='ltr'>Jam</span> <span class='ocrx_word' id='word_1_28' title='bbox 959 632 1060 668; x_wconf 88' lang='lat' dir='ltr'>erat</span> 
     </span>
     <span class='ocr_line' id='line_1_7' title="bbox 353 683 1060 741; baseline -0.001 -13"><span class='ocrx_word' id='word_1_29' title='bbox 353 684 403 728; x_wconf 94' lang='lat' dir='ltr'>in</span> <span class='ocrx_word' id='word_1_30' title='bbox 420 685 519 741; x_wconf 84' lang='lat' dir='ltr'>ejus</span> <span class='ocrx_word' id='word_1_31' title='bbox 534 683 678 728; x_wconf 91' lang='lat' dir='ltr'>corde</span> <span class='ocrx_word' id='word_1_32' title='bbox 690 697 719 728; x_wconf 90' lang='lat' dir='ltr'>a</span> <span class='ocrx_word' id='word_1_33' title='bbox 733 683 888 740; x_wconf 88' lang='lat' dir='ltr'>prima</span> <span class='ocrx_word' id='word_1_34' title='bbox 903 684 1060 728; x_wconf 83' lang='lat' dir='ltr'>aetate</span> 
     </span>
     <span class='ocr_line' id='line_1_8' title="bbox 354 742 1055 800; baseline -0.001 -13"><span class='ocrx_word' id='word_1_35' title='bbox 354 743 538 793; x_wconf 75' lang='lat' dir='ltr'>diffusa,</span> <span class='ocrx_word' id='word_1_36' title='bbox 561 742 693 792; x_wconf 87' lang='lat' dir='ltr'>miro,</span> <span class='ocrx_word' id='word_1_37' title='bbox 715 742 950 800; x_wconf 77' lang='lat' dir='ltr'>planeque</span> <span class='ocrx_word' id='word_1_38' title='bbox 967 743 1055 786; x_wconf 89' lang='lat' dir='ltr'>sin-</span> 
     </span>
     <span class='ocr_line' id='line_1_9' title="bbox 351 802 1061 859; baseline -0.001 -12"><span class='ocrx_word' id='word_1_39' title='bbox 351 802 503 859; x_wconf 83' lang='lat' dir='ltr'>gulari</span> <span class='ocrx_word' id='word_1_40' title='bbox 535 803 682 847; x_wconf 91' lang='lat' dir='ltr'>modo</span> <span class='ocrx_word' id='word_1_41' title='bbox 712 802 762 846; x_wconf 89' lang='lat' dir='ltr'>in</span> <span class='ocrx_word' id='word_1_42' title='bbox 793 802 893 846; x_wconf 89' lang='lat' dir='ltr'>dies</span> <span class='ocrx_word' id='word_1_43' title='bbox 923 816 1061 847; x_wconf 88' lang='lat' dir='ltr'>coru·</span> 
     </span>
     <span class='ocr_line' id='line_1_10' title="bbox 352 861 563 907; baseline 0.005 -1"><span class='ocrx_word' id='word_1_44' title='bbox 352 861 563 907; x_wconf 85' lang='lat' dir='ltr'>scaverit.</span> 
     </span>
    </p>

    <p class='ocr_par' dir='ltr' id='par_1_3' title="bbox 350 920 1061 1440">
     <span class='ocr_line' id='line_1_11' title="bbox 401 920 1056 979; baseline -0.003 -13"><span class='ocrx_word' id='word_1_45' title='bbox 401 920 477 979; x_wconf 88' lang='lat' dir='ltr'>R7.</span> <span class='ocrx_word' id='word_1_46' title='bbox 512 920 783 966; x_wconf 76' lang='lat' dir='ltr'>Honestum</span> <span class='ocrx_word' id='word_1_47' title='bbox 800 921 909 966; x_wconf 82' lang='lat' dir='ltr'>fecit</span> <span class='ocrx_word' id='word_1_48' title='bbox 928 921 1056 965; x_wconf 87' lang='lat' dir='ltr'>illurn</span> 
     </span>
     <span class='ocr_line' id='line_1_12' title="bbox 353 979 1060 1032; baseline -0.004 -6"><span class='ocrx_word' id='word_1_49' title='bbox 353 979 603 1032; x_wconf 69' lang='lat' dir='ltr'>deinus‚</span> <span class='ocrx_word' id='word_1_50' title='bbox 617 988 663 1025; x_wconf 90' lang='lat' dir='ltr'>et</span> <span class='ocrx_word' id='word_1_51' title='bbox 677 981 931 1026; x_wconf 86' lang='lat' dir='ltr'>custodivit</span> <span class='ocrx_word' id='word_1_52' title='bbox 950 993 1060 1024; x_wconf 89' lang='lat' dir='ltr'>eum</span> 
     </span>
     <span class='ocr_line' id='line_1_13' title="bbox 352 1039 1061 1090; baseline 0 -6"><span class='ocrx_word' id='word_1_53' title='bbox 352 1041 417 1085; x_wconf 87' lang='lat' dir='ltr'>ab</span> <span class='ocrx_word' id='word_1_54' title='bbox 453 1040 666 1090; x_wconf 90' lang='lat' dir='ltr'>inimicis,</span> <span class='ocrx_word' id='word_1_55' title='bbox 704 1048 751 1084; x_wconf 91' lang='lat' dir='ltr'>et</span> <span class='ocrx_word' id='word_1_56' title='bbox 782 1053 812 1085; x_wconf 88' lang='lat' dir='ltr'>a</span> <span class='ocrx_word' id='word_1_57' title='bbox 837 1039 1061 1084; x_wconf 70' lang='lat' dir='ltr'>sedutstd-</span> 
     </span>
     <span class='ocr_line' id='line_1_14' title="bbox 352 1098 1058 1145; baseline 0 -2"><span class='ocrx_word' id='word_1_58' title='bbox 352 1100 481 1144; x_wconf 87' lang='lat' dir='ltr'>ribus</span> <span class='ocrx_word' id='word_1_59' title='bbox 522 1099 690 1145; x_wconf 84' lang='lat' dir='ltr'>tutavit</span> <span class='ocrx_word' id='word_1_60' title='bbox 729 1099 891 1144; x_wconf 85' lang='lat' dir='ltr'>illurn:</span> <span class='ocrx_word' id='word_1_61' title='bbox 916 1098 944 1123; x_wconf 65' lang='lat'>⁸*</span> <span class='ocrx_word' id='word_1_62' title='bbox 995 1099 1058 1143; x_wconf 90' lang='lat' dir='ltr'>Et</span> 
     </span>
     <span class='ocr_line' id='line_1_15' title="bbox 351 1158 1060 1204; baseline -0.001 -1"><span class='ocrx_word' id='word_1_63' title='bbox 351 1159 486 1204; x_wconf 86' lang='lat' dir='ltr'>dedit</span> <span class='ocrx_word' id='word_1_64' title='bbox 517 1159 581 1203; x_wconf 91' lang='lat' dir='ltr'>illi</span> <span class='ocrx_word' id='word_1_65' title='bbox 617 1158 878 1203; x_wconf 84' lang='lat' dir='ltr'>claritatem</span> <span class='ocrx_word' id='word_1_66' title='bbox 910 1158 1060 1202; x_wconf 80' lang='lat' dir='ltr'>aeter-</span> 
     </span>
     <span class='ocr_line' id='line_1_16' title="bbox 350 1214 1059 1285; baseline -0.001 -23"><span class='ocrx_word' id='word_1_67' title='bbox 350 1231 480 1263; x_wconf 88' lang='lat' dir='ltr'>nam.</span> <span class='ocrx_word' id='word_1_68' title='bbox 535 1214 596 1259; x_wconf 70' lang='lat' dir='ltr'>Y*</span> <span class='ocrx_word' id='word_1_69' title='bbox 635 1217 830 1285; x_wconf 89' lang='lat' dir='ltr'>Justum</span> <span class='ocrx_word' id='word_1_70' title='bbox 862 1217 1059 1262; x_wconf 89' lang='lat' dir='ltr'>deduxit</span> 
     </span>
     <span class='ocr_line' id='line_1_17' title="bbox 353 1246 1059 1334; baseline 0.001 -13"><span class='ocrx_word' id='word_1_71' title='bbox 353 1246 589 1322; x_wconf 75' lang='lat' dir='ltr'>deinus</span> <span class='ocrx_word' id='word_1_72' title='bbox 604 1290 691 1334; x_wconf 86' lang='lat' dir='ltr'>per</span> <span class='ocrx_word' id='word_1_73' title='bbox 706 1277 805 1321; x_wconf 85' lang='lat' dir='ltr'>vias</span> <span class='ocrx_word' id='word_1_74' title='bbox 820 1276 986 1327; x_wconf 57' lang='lat' dir='ltr'>rastas,</span> <span class='ocrx_word' id='word_1_75' title='bbox 1009 1285 1059 1322; x_wconf 89' lang='lat' dir='ltr'>et</span> 
     </span>
     <span class='ocr_line' id='line_1_18' title="bbox 350 1335 1059 1394; baseline 0.001 -14"><span class='ocrx_word' id='word_1_76' title='bbox 350 1336 559 1381; x_wconf 73' lang='lat' dir='ltr'>ostendit</span> <span class='ocrx_word' id='word_1_77' title='bbox 579 1335 644 1380; x_wconf 91' lang='lat' dir='ltr'>illi</span> <span class='ocrx_word' id='word_1_78' title='bbox 664 1348 863 1394; x_wconf 88' lang='lat' dir='ltr'>regnum</span> <span class='ocrx_word' id='word_1_79' title='bbox 888 1337 992 1382; x_wconf 88' lang='lat' dir='ltr'>Dei.</span> <span class='ocrx_word' id='word_1_80' title='bbox 1001 1361 1059 1369; x_wconf 91' lang='lat'><em>—</em></span> 
     </span>
     <span class='ocr_line' id='line_1_19' title="bbox 353 1395 583 1443; baseline 0.005 -4"><span class='ocrx_word' id='word_1_81' title='bbox 353 1395 416 1440; x_wconf 89' lang='lat' dir='ltr'>Et</span> <span class='ocrx_word' id='word_1_82' title='bbox 436 1395 583 1443; x_wconf 84' lang='lat' dir='ltr'>dedit.</span> 
     </span>
    </p>
   </div>
   <div class='ocr_carea' id='block_1_3' title="bbox 577 1482 808 1532">
    <p class='ocr_par' dir='ltr' id='par_1_4' title="bbox 577 1482 808 1532">
     <span class='ocr_line' id='line_1_20' title="bbox 577 1482 808 1532; baseline 0.004 -1"><span class='ocrx_word' id='word_1_83' title='bbox 577 1482 744 1532; x_wconf 70' lang='lat' dir='ltr'>Lecstio</span> <span class='ocrx_word' id='word_1_84' title='bbox 763 1496 808 1532; x_wconf 76' lang='lat' dir='ltr'>V.</span> 
     </span>
    </p>
   </div>
   <div class='ocr_carea' id='block_1_4' title="bbox 346 1569 1059 2938">
    <p class='ocr_par' dir='ltr' id='par_1_5' title="bbox 500 1569 1059 1628">
     <span class='ocr_line' id='line_1_21' title="bbox 500 1569 1059 1628; baseline 0 -13"><span class='ocrx_word' id='word_1_85' title='bbox 500 1569 1059 1628; x_wconf 86' lang='lat' dir='ltr'>LUXITpraecipuear-</span> 
     </span>
    </p>

    <p class='ocr_par' dir='ltr' id='par_1_6' title="bbox 346 1630 1059 2938">
     <span class='ocr_line' id='line_1_22' title="bbox 528 1630 1059 1687; baseline -0.002 -11"><span class='ocrx_word' id='word_1_86' title='bbox 528 1630 808 1676; x_wconf 89' lang='lat' dir='ltr'>dentissima</span> <span class='ocrx_word' id='word_1_87' title='bbox 826 1630 927 1687; x_wconf 89' lang='lat' dir='ltr'>ejus</span> <span class='ocrx_word' id='word_1_88' title='bbox 948 1630 1059 1675; x_wconf 85' lang='lat' dir='ltr'>cha-</span> 
     </span>
     <span class='ocr_line' id='line_1_23' title="bbox 351 1689 1056 1737; baseline -0.001 -2"><span class='ocrx_word' id='word_1_89' title='bbox 351 1689 467 1736; x_wconf 82' lang='lat' dir='ltr'>ritas</span> <span class='ocrx_word' id='word_1_90' title='bbox 489 1690 538 1735; x_wconf 91' lang='lat' dir='ltr'>in</span> <span class='ocrx_word' id='word_1_91' title='bbox 557 1690 795 1737; x_wconf 84' lang='lat' dir='ltr'>extasibus</span> <span class='ocrx_word' id='word_1_92' title='bbox 820 1691 881 1736; x_wconf 89' lang='lat' dir='ltr'>ad</span> <span class='ocrx_word' id='word_1_93' title='bbox 900 1690 1056 1735; x_wconf 90' lang='lat' dir='ltr'>Deum</span> 
     </span>
     <span class='ocr_line' id='line_1_24' title="bbox 350 1750 1057 1808; baseline -0.003 -13"><span class='ocrx_word' id='word_1_94' title='bbox 350 1750 652 1802; x_wconf 68' lang='lat' dir='ltr'>suavissimis,</span> <span class='ocrx_word' id='word_1_95' title='bbox 716 1750 1057 1808; x_wconf 86' lang='lat' dir='ltr'>stupendisque</span> 
     </span>
     <span class='ocr_line' id='line_1_25' title="bbox 351 1809 1057 1868; baseline -0.001 -14"><span class='ocrx_word' id='word_1_96' title='bbox 351 1810 577 1867; x_wconf 86' lang='lat' dir='ltr'>raptibus,</span> <span class='ocrx_word' id='word_1_97' title='bbox 597 1811 770 1868; x_wconf 90' lang='lat' dir='ltr'>quibus</span> <span class='ocrx_word' id='word_1_98' title='bbox 792 1809 1057 1867; x_wconf 75' lang='lat' dir='ltr'>frequenter</span> 
     </span>
     <span class='ocr_line' id='line_1_26' title="bbox 350 1869 1050 1920; baseline 0 -7"><span class='ocrx_word' id='word_1_99' title='bbox 350 1869 655 1915; x_wconf 85' lang='lat' dir='ltr'>afficiebatur.</span> <span class='ocrx_word' id='word_1_100' title='bbox 689 1870 864 1914; x_wconf 85' lang='lat' dir='ltr'>Mirum</span> <span class='ocrx_word' id='word_1_101' title='bbox 879 1877 1050 1920; x_wconf 83' lang='lat' dir='ltr'>autem,</span> 
     </span>
     <span class='ocr_line' id='line_1_27' title="bbox 350 1929 1056 1984; baseline 0.001 -12"><span class='ocrx_word' id='word_1_102' title='bbox 350 1930 483 1984; x_wconf 90' lang='lat' dir='ltr'>quod</span> <span class='ocrx_word' id='word_1_103' title='bbox 528 1930 733 1974; x_wconf 86' lang='lat' dir='ltr'>alienato</span> <span class='ocrx_word' id='word_1_104' title='bbox 774 1943 804 1973; x_wconf 88' lang='lat' dir='ltr'>a</span> <span class='ocrx_word' id='word_1_105' title='bbox 842 1929 1056 1974; x_wconf 75' lang='lat' dir='ltr'>sensibus</span> 
     </span>
     <span class='ocr_line' id='line_1_28' title="bbox 352 1987 1052 2040; baseline 0 -9"><span class='ocrx_word' id='word_1_106' title='bbox 352 1987 515 2040; x_wconf 82' lang='lat' dir='ltr'>animo</span> <span class='ocrx_word' id='word_1_107' title='bbox 566 1989 725 2033; x_wconf 87' lang='lat' dir='ltr'>statim</span> <span class='ocrx_word' id='word_1_108' title='bbox 782 1989 846 2033; x_wconf 86' lang='lat' dir='ltr'>ab</span> <span class='ocrx_word' id='word_1_109' title='bbox 903 1987 1052 2033; x_wconf 75' lang='lat' dir='ltr'>extasi</span> 
     </span>
     <span class='ocr_line' id='line_1_29' title="bbox 350 2048 1056 2093; baseline 0 -2"><span class='ocrx_word' id='word_1_110' title='bbox 350 2061 459 2092; x_wconf 90' lang='lat' dir='ltr'>eum</span> <span class='ocrx_word' id='word_1_111' title='bbox 511 2049 762 2093; x_wconf 88' lang='lat' dir='ltr'>revocabat</span> <span class='ocrx_word' id='word_1_112' title='bbox 802 2048 905 2092; x_wconf 89' lang='lat' dir='ltr'>sola</span> <span class='ocrx_word' id='word_1_113' title='bbox 944 2048 1056 2091; x_wconf 86' lang='lat' dir='ltr'>obe-</span> 
     </span>
     <span class='ocr_line' id='line_1_30' title="bbox 350 2106 1056 2163; baseline -0.001 -13"><span class='ocrx_word' id='word_1_114' title='bbox 350 2106 540 2151; x_wconf 78' lang='lat' dir='ltr'>dientia.</span> <span class='ocrx_word' id='word_1_115' title='bbox 610 2107 751 2152; x_wconf 87' lang='lat' dir='ltr'>Hanc</span> <span class='ocrx_word' id='word_1_116' title='bbox 771 2107 948 2163; x_wconf 84' lang='lat' dir='ltr'>quippe</span> <span class='ocrx_word' id='word_1_117' title='bbox 968 2107 1056 2150; x_wconf 87' lang='lat' dir='ltr'>vir-</span> 
     </span>
     <span class='ocr_line' id='line_1_31' title="bbox 349 2165 1056 2222; baseline 0.001 -12"><span class='ocrx_word' id='word_1_118' title='bbox 349 2165 501 2210; x_wconf 73' lang='lat' dir='ltr'>tutem</span> <span class='ocrx_word' id='word_1_119' title='bbox 523 2166 697 2211; x_wconf 86' lang='lat' dir='ltr'>eximio</span> <span class='ocrx_word' id='word_1_120' title='bbox 718 2166 878 2211; x_wconf 74' lang='lat' dir='ltr'>studio</span> <span class='ocrx_word' id='word_1_121' title='bbox 894 2178 1056 2222; x_wconf 87' lang='lat' dir='ltr'>prose-</span> 
     </span>
     <span class='ocr_line' id='line_1_32' title="bbox 349 2225 1048 2282; baseline 0.001 -13"><span class='ocrx_word' id='word_1_122' title='bbox 349 2226 596 2282; x_wconf 85' lang='lat' dir='ltr'>quebatur,</span> <span class='ocrx_word' id='word_1_123' title='bbox 655 2225 812 2269; x_wconf 86' lang='lat' dir='ltr'>dicere</span> <span class='ocrx_word' id='word_1_124' title='bbox 870 2225 1048 2276; x_wconf 66' lang='lat' dir='ltr'>salitus,</span> 
     </span>
     <span class='ocr_line' id='line_1_33' title="bbox 348 2284 1057 2329; baseline 0.001 -1"><span class='ocrx_word' id='word_1_125' title='bbox 348 2297 399 2328; x_wconf 94' lang='lat' dir='ltr'>se</span> <span class='ocrx_word' id='word_1_126' title='bbox 419 2285 482 2328; x_wconf 88' lang='lat' dir='ltr'>ab</span> <span class='ocrx_word' id='word_1_127' title='bbox 502 2298 560 2328; x_wconf 89' lang='lat' dir='ltr'>ea</span> <span class='ocrx_word' id='word_1_128' title='bbox 579 2284 718 2329; x_wconf 77' lang='lat' dir='ltr'>veluti</span> <span class='ocrx_word' id='word_1_129' title='bbox 748 2297 942 2329; x_wconf 89' lang='lat' dir='ltr'>caecum</span> <span class='ocrx_word' id='word_1_130' title='bbox 969 2285 1057 2329; x_wconf 86' lang='lat' dir='ltr'>cir-</span> 
     </span>
     <span class='ocr_line' id='line_1_34' title="bbox 348 2342 1056 2401; baseline 0.003 -14"><span class='ocrx_word' id='word_1_131' title='bbox 348 2342 583 2395; x_wconf 79' lang='lat' dir='ltr'>cumdt&#39;ici,</span> <span class='ocrx_word' id='word_1_132' title='bbox 630 2351 676 2387; x_wconf 91' lang='lat' dir='ltr'>et</span> <span class='ocrx_word' id='word_1_133' title='bbox 727 2344 844 2387; x_wconf 87' lang='lat' dir='ltr'>mori</span> <span class='ocrx_word' id='word_1_134' title='bbox 897 2343 1056 2401; x_wconf 67' lang='lat' dir='ltr'>patius</span> 
     </span>
     <span class='ocr_line' id='line_1_35' title="bbox 347 2402 1048 2459; baseline 0.001 -14"><span class='ocrx_word' id='word_1_135' title='bbox 347 2402 476 2453; x_wconf 89' lang='lat' dir='ltr'>velle,</span> <span class='ocrx_word' id='word_1_136' title='bbox 520 2416 666 2459; x_wconf 89' lang='lat' dir='ltr'>quam</span> <span class='ocrx_word' id='word_1_137' title='bbox 701 2415 798 2448; x_wconf 90' lang='lat' dir='ltr'>non</span> <span class='ocrx_word' id='word_1_138' title='bbox 839 2403 1048 2448; x_wconf 89' lang='lat' dir='ltr'>obedire.</span> 
     </span>
     <span class='ocr_line' id='line_1_36' title="bbox 351 2460 1056 2518; baseline 0.004 -14"><span class='ocrx_word' id='word_1_139' title='bbox 351 2460 682 2518; x_wconf 85' lang='lat' dir='ltr'>Paupertatem</span> <span class='ocrx_word' id='word_1_140' title='bbox 743 2475 853 2506; x_wconf 87' lang='lat' dir='ltr'>vero</span> <span class='ocrx_word' id='word_1_141' title='bbox 919 2463 1056 2507; x_wconf 86' lang='lat' dir='ltr'>Sera-</span> 
     </span>
     <span class='ocr_line' id='line_1_37' title="bbox 347 2520 1055 2576; baseline 0.004 -13"><span class='ocrx_word' id='word_1_142' title='bbox 347 2520 473 2576; x_wconf 91' lang='lat' dir='ltr'>phici</span> <span class='ocrx_word' id='word_1_143' title='bbox 500 2521 793 2566; x_wconf 88' lang='lat' dir='ltr'>Patriarchae</span> <span class='ocrx_word' id='word_1_144' title='bbox 816 2522 882 2565; x_wconf 88' lang='lat' dir='ltr'>ita</span> <span class='ocrx_word' id='word_1_145' title='bbox 897 2535 1055 2566; x_wconf 87' lang='lat' dir='ltr'>aemu-</span> 
     </span>
     <span class='ocr_line' id='line_1_38' title="bbox 347 2578 1056 2638; baseline 0.004 -15"><span class='ocrx_word' id='word_1_146' title='bbox 347 2578 471 2624; x_wconf 85' lang='lat' dir='ltr'>latus</span> <span class='ocrx_word' id='word_1_147' title='bbox 485 2587 569 2630; x_wconf 90' lang='lat' dir='ltr'>est,</span> <span class='ocrx_word' id='word_1_148' title='bbox 590 2588 642 2625; x_wconf 90' lang='lat' dir='ltr'>ut</span> <span class='ocrx_word' id='word_1_149' title='bbox 656 2581 794 2625; x_wconf 89' lang='lat' dir='ltr'>morti</span> <span class='ocrx_word' id='word_1_150' title='bbox 812 2580 1056 2638; x_wconf 74' lang='lat' dir='ltr'>praximus</span> 
     </span>
     <span class='ocr_line' id='line_1_39' title="bbox 350 2637 1055 2685; baseline 0.006 -5"><span class='ocrx_word' id='word_1_151' title='bbox 350 2637 566 2683; x_wconf 87' lang='lat' dir='ltr'>Praelato</span> <span class='ocrx_word' id='word_1_152' title='bbox 594 2652 682 2684; x_wconf 91' lang='lat' dir='ltr'>suo</span> <span class='ocrx_word' id='word_1_153' title='bbox 712 2640 917 2685; x_wconf 77' lang='lat' dir='ltr'>asserere</span> <span class='ocrx_word' id='word_1_154' title='bbox 947 2654 1055 2685; x_wconf 86' lang='lat' dir='ltr'>vere</span> 
     </span>
     <span class='ocr_line' id='line_1_40' title="bbox 346 2695 1050 2752; baseline 0.007 -14"><span class='ocrx_word' id='word_1_155' title='bbox 346 2695 564 2750; x_wconf 73' lang='lat' dir='ltr'>potuerit,</span> <span class='ocrx_word' id='word_1_156' title='bbox 613 2712 664 2743; x_wconf 91' lang='lat' dir='ltr'>se</span> <span class='ocrx_word' id='word_1_157' title='bbox 705 2699 820 2743; x_wconf 88' lang='lat' dir='ltr'>nihil</span> <span class='ocrx_word' id='word_1_158' title='bbox 863 2699 1050 2752; x_wconf 76' lang='lat' dir='ltr'>habere,</span> 
     </span>
     <span class='ocr_line' id='line_1_41' title="bbox 347 2754 1053 2815; baseline 0.011 -21"><span class='ocrx_word' id='word_1_159' title='bbox 347 2754 479 2805; x_wconf 91' lang='lat' dir='ltr'>quod</span> <span class='ocrx_word' id='word_1_160' title='bbox 531 2768 665 2801; x_wconf 87' lang='lat' dir='ltr'>more</span> <span class='ocrx_word' id='word_1_161' title='bbox 725 2757 1053 2815; x_wconf 68' lang='lat' dir='ltr'>religiosarum</span> 
     </span>
     <span class='ocr_line' id='line_1_42' title="bbox 347 2808 1051 2938; baseline 0.021 -33"><span class='ocrx_word' id='word_1_162' title='bbox 347 2808 1051 2938; x_wconf 51' lang='lat' dir='ltr'>z‘fssizzssfgzfflsssssseaffiffssa</span> 
     </span>
    </p>
   </div>
   <div class='ocr_carea' id='block_1_5' title="bbox 1120 383 1844 2225">
    <p class='ocr_par' dir='ltr' id='par_1_7' title="bbox 1121 383 1844 1798">
     <span class='ocr_line' id='line_1_43' title="bbox 1126 383 1830 437; baseline 0.004 -9"><span class='ocrx_word' id='word_1_163' title='bbox 1126 383 1458 430; x_wconf 82' lang='lat' dir='ltr'>manifestabat</span> <span class='ocrx_word' id='word_1_164' title='bbox 1488 383 1536 429; x_wconf 90' lang='lat' dir='ltr'>in</span> <span class='ocrx_word' id='word_1_165' title='bbox 1556 397 1698 429; x_wconf 67' lang='lat' dir='ltr'>earne</span> <span class='ocrx_word' id='word_1_166' title='bbox 1719 398 1830 437; x_wconf 84' lang='lat' dir='ltr'>sua,</span> 
     </span>
     <span class='ocr_line' id='line_1_44' title="bbox 1124 444 1843 502; baseline 0.003 -13"><span class='ocrx_word' id='word_1_167' title='bbox 1124 458 1248 501; x_wconf 86' lang='lat' dir='ltr'>quae</span> <span class='ocrx_word' id='word_1_168' title='bbox 1283 446 1399 490; x_wconf 88' lang='lat' dir='ltr'>dum</span> <span class='ocrx_word' id='word_1_169' title='bbox 1429 444 1478 488; x_wconf 90' lang='lat' dir='ltr'>in</span> <span class='ocrx_word' id='word_1_170' title='bbox 1508 444 1746 502; x_wconf 77' lang='lat' dir='ltr'>aliquibus</span> <span class='ocrx_word' id='word_1_171' title='bbox 1773 458 1843 491; x_wconf 83' lang='lat' dir='ltr'>ex</span> 
     </span>
     <span class='ocr_line' id='line_1_45' title="bbox 1125 503 1844 561; baseline 0.001 -14"><span class='ocrx_word' id='word_1_172' title='bbox 1125 503 1412 561; x_wconf 74' lang='lat' dir='ltr'>turpitudine</span> <span class='ocrx_word' id='word_1_173' title='bbox 1425 503 1683 549; x_wconf 81' lang='lat' dir='ltr'>obscenum</span> <span class='ocrx_word' id='word_1_174' title='bbox 1698 504 1844 561; x_wconf 80' lang='lat' dir='ltr'>flagi-</span> 
     </span>
     <span class='ocr_line' id='line_1_46' title="bbox 1125 563 1840 620; baseline 0.003 -13"><span class='ocrx_word' id='word_1_175' title='bbox 1125 563 1840 620; x_wconf 78' lang='lat' dir='ltr'>tiumsentiebat,pr0digic‘›sum</span> 
     </span>
     <span class='ocr_line' id='line_1_47' title="bbox 1125 622 1842 675; baseline 0.001 -8"><span class='ocrx_word' id='word_1_176' title='bbox 1125 624 1185 667; x_wconf 92' lang='lat' dir='ltr'>de</span> <span class='ocrx_word' id='word_1_177' title='bbox 1199 636 1249 667; x_wconf 88' lang='lat' dir='ltr'>se</span> <span class='ocrx_word' id='word_1_178' title='bbox 1264 623 1454 668; x_wconf 85' lang='lat' dir='ltr'>efflabat</span> <span class='ocrx_word' id='word_1_179' title='bbox 1475 622 1685 675; x_wconf 74' lang='lat' dir='ltr'>oddrem,</span> <span class='ocrx_word' id='word_1_180' title='bbox 1710 623 1842 668; x_wconf 91' lang='lat' dir='ltr'>indi-</span> 
     </span>
     <span class='ocr_line' id='line_1_48' title="bbox 1124 682 1840 739; baseline 0.001 -13"><span class='ocrx_word' id='word_1_181' title='bbox 1124 682 1249 726; x_wconf 87' lang='lat' dir='ltr'>cium</span> <span class='ocrx_word' id='word_1_182' title='bbox 1271 682 1578 727; x_wconf 72' lang='lat' dir='ltr'>nitidissimae</span> <span class='ocrx_word' id='word_1_183' title='bbox 1599 682 1723 727; x_wconf 82' lang='lat' dir='ltr'>illius</span> <span class='ocrx_word' id='word_1_184' title='bbox 1744 696 1840 739; x_wconf 86' lang='lat' dir='ltr'>pu·</span> 
     </span>
     <span class='ocr_line' id='line_1_49' title="bbox 1124 741 1839 799; baseline 0.004 -14"><span class='ocrx_word' id='word_1_185' title='bbox 1124 742 1286 793; x_wconf 86' lang='lat' dir='ltr'>ritatis,</span> <span class='ocrx_word' id='word_1_186' title='bbox 1353 755 1511 799; x_wconf 90' lang='lat' dir='ltr'>quam,</span> <span class='ocrx_word' id='word_1_187' title='bbox 1579 741 1839 788; x_wconf 77' lang='lat' dir='ltr'>immundo</span> 
     </span>
     <span class='ocr_line' id='line_1_50' title="bbox 1123 801 1840 859; baseline 0.004 -14"><span class='ocrx_word' id='word_1_188' title='bbox 1123 801 1291 859; x_wconf 87' lang='lat' dir='ltr'>spiritu</span> <span class='ocrx_word' id='word_1_189' title='bbox 1408 801 1840 848; x_wconf 87' lang='lat' dir='ltr'>vehementissimis</span> 
     </span>
     <span class='ocr_line' id='line_1_51' title="bbox 1123 860 1839 907; baseline 0.003 -3"><span class='ocrx_word' id='word_1_190' title='bbox 1123 860 1461 906; x_wconf 72' lang='lat' dir='ltr'>tentatidnibus</span> <span class='ocrx_word' id='word_1_191' title='bbox 1482 860 1653 905; x_wconf 81' lang='lat' dir='ltr'>frustra</span> <span class='ocrx_word' id='word_1_192' title='bbox 1679 862 1839 907; x_wconf 88' lang='lat' dir='ltr'>obnu-</span> 
     </span>
     <span class='ocr_line' id='line_1_52' title="bbox 1122 920 1838 969; baseline 0.003 -6"><span class='ocrx_word' id='word_1_193' title='bbox 1122 920 1270 964; x_wconf 87' lang='lat' dir='ltr'>bilare</span> <span class='ocrx_word' id='word_1_194' title='bbox 1290 920 1373 964; x_wconf 90' lang='lat' dir='ltr'>diu</span> <span class='ocrx_word' id='word_1_195' title='bbox 1394 920 1609 969; x_wconf 87' lang='lat' dir='ltr'>conante,</span> <span class='ocrx_word' id='word_1_196' title='bbox 1630 920 1838 969; x_wconf 86' lang='lat' dir='ltr'>servavit</span> 
     </span>
     <span class='ocr_line' id='line_1_53' title="bbox 1124 979 1839 1030; baseline 0.006 -9"><span class='ocrx_word' id='word_1_197' title='bbox 1124 979 1343 1030; x_wconf 88' lang='lat' dir='ltr'>illaesam,</span> <span class='ocrx_word' id='word_1_198' title='bbox 1392 986 1493 1024; x_wconf 85' lang='lat' dir='ltr'>tum</span> <span class='ocrx_word' id='word_1_199' title='bbox 1543 979 1676 1024; x_wconf 67' lang='lat' dir='ltr'>ard&#39;ta</span> <span class='ocrx_word' id='word_1_200' title='bbox 1725 979 1839 1025; x_wconf 76' lang='lat' dir='ltr'>sen-</span> 
     </span>
     <span class='ocr_line' id='line_1_54' title="bbox 1123 1038 1837 1097; baseline 0.004 -15"><span class='ocrx_word' id='word_1_201' title='bbox 1123 1051 1263 1083; x_wconf 89' lang='lat' dir='ltr'>suum</span> <span class='ocrx_word' id='word_1_202' title='bbox 1312 1038 1541 1089; x_wconf 67' lang='lat' dir='ltr'>custadia,</span> <span class='ocrx_word' id='word_1_203' title='bbox 1580 1048 1683 1085; x_wconf 89' lang='lat' dir='ltr'>tum</span> <span class='ocrx_word' id='word_1_204' title='bbox 1726 1039 1837 1097; x_wconf 87' lang='lat' dir='ltr'>jugi</span> 
     </span>
     <span class='ocr_line' id='line_1_55' title="bbox 1123 1097 1837 1155; baseline 0.003 -13"><span class='ocrx_word' id='word_1_205' title='bbox 1123 1097 1333 1155; x_wconf 69' lang='lat' dir='ltr'>carporis</span> <span class='ocrx_word' id='word_1_206' title='bbox 1362 1098 1690 1148; x_wconf 74' lang='lat' dir='ltr'>maceratidne,</span> <span class='ocrx_word' id='word_1_207' title='bbox 1727 1106 1837 1144; x_wconf 84' lang='lat' dir='ltr'>turn</span> 
     </span>
     <span class='ocr_line' id='line_1_56' title="bbox 1123 1156 1839 1215; baseline 0.004 -14"><span class='ocrx_word' id='word_1_208' title='bbox 1123 1157 1327 1214; x_wconf 72' lang='lat' dir='ltr'>denique</span> <span class='ocrx_word' id='word_1_209' title='bbox 1334 1156 1524 1215; x_wconf 87' lang='lat' dir='ltr'>speciali</span> <span class='ocrx_word' id='word_1_210' title='bbox 1534 1156 1839 1214; x_wconf 70' lang='lat' dir='ltr'>proted&#39;tidne</span> 
     </span>
     <span class='ocr_line' id='line_1_57' title="bbox 1122 1216 1841 1274; baseline 0.003 -13"><span class='ocrx_word' id='word_1_211' title='bbox 1122 1217 1401 1274; x_wconf 80' lang='lat' dir='ltr'>purissimae</span> <span class='ocrx_word' id='word_1_212' title='bbox 1415 1216 1621 1273; x_wconf 87' lang='lat' dir='ltr'>Virginis</span> <span class='ocrx_word' id='word_1_213' title='bbox 1632 1216 1841 1271; x_wconf 88' lang='lat' dir='ltr'>Mariae,</span> 
     </span>
     <span class='ocr_line' id='line_1_58' title="bbox 1122 1276 1840 1334; baseline 0.003 -14"><span class='ocrx_word' id='word_1_214' title='bbox 1122 1290 1267 1333; x_wconf 91' lang='lat' dir='ltr'>quam</span> <span class='ocrx_word' id='word_1_215' title='bbox 1291 1276 1496 1320; x_wconf 90' lang='lat' dir='ltr'>Matrem</span> <span class='ocrx_word' id='word_1_216' title='bbox 1517 1289 1652 1320; x_wconf 89' lang='lat' dir='ltr'>suam</span> <span class='ocrx_word' id='word_1_217' title='bbox 1669 1278 1840 1334; x_wconf 88' lang='lat' dir='ltr'>appel-</span> 
     </span>
     <span class='ocr_line' id='line_1_59' title="bbox 1123 1334 1839 1385; baseline 0.007 -7"><span class='ocrx_word' id='word_1_218' title='bbox 1123 1335 1219 1380; x_wconf 79' lang='lat' dir='ltr'>lare</span> <span class='ocrx_word' id='word_1_219' title='bbox 1231 1334 1485 1385; x_wconf 78' lang='lat' dir='ltr'>consuevit,</span> <span class='ocrx_word' id='word_1_220' title='bbox 1493 1348 1550 1379; x_wconf 86' lang='lat' dir='ltr'>ac</span> <span class='ocrx_word' id='word_1_221' title='bbox 1562 1334 1706 1381; x_wconf 76' lang='lat' dir='ltr'>veluti</span> <span class='ocrx_word' id='word_1_222' title='bbox 1721 1336 1839 1383; x_wconf 85' lang='lat' dir='ltr'>Ma-</span> 
     </span>
     <span class='ocr_line' id='line_1_60' title="bbox 1123 1394 1838 1443; baseline 0.006 -5"><span class='ocrx_word' id='word_1_223' title='bbox 1123 1402 1240 1438; x_wconf 87' lang='lat' dir='ltr'>trem</span> <span class='ocrx_word' id='word_1_224' title='bbox 1290 1394 1612 1439; x_wconf 88' lang='lat' dir='ltr'>dulcissimam</span> <span class='ocrx_word' id='word_1_225' title='bbox 1658 1394 1838 1443; x_wconf 88' lang='lat' dir='ltr'>intimo</span> 
     </span>
     <span class='ocr_line' id='line_1_61' title="bbox 1122 1452 1830 1507; baseline 0.004 -10"><span class='ocrx_word' id='word_1_226' title='bbox 1122 1454 1280 1498; x_wconf 90' lang='lat' dir='ltr'>cordis</span> <span class='ocrx_word' id='word_1_227' title='bbox 1300 1452 1477 1498; x_wconf 66' lang='lat' dir='ltr'>affedtu</span> <span class='ocrx_word' id='word_1_228' title='bbox 1496 1454 1830 1507; x_wconf 68' lang='lat' dir='ltr'>venerabatur,</span> 
     </span>
     <span class='ocr_line' id='line_1_62' title="bbox 1122 1511 1838 1569; baseline 0.007 -13"><span class='ocrx_word' id='word_1_229' title='bbox 1122 1511 1323 1569; x_wconf 88' lang='lat' dir='ltr'>eamque</span> <span class='ocrx_word' id='word_1_230' title='bbox 1364 1514 1427 1558; x_wconf 86' lang='lat' dir='ltr'>ab</span> <span class='ocrx_word' id='word_1_231' title='bbox 1476 1512 1579 1558; x_wconf 87' lang='lat' dir='ltr'>aliis</span> <span class='ocrx_word' id='word_1_232' title='bbox 1620 1515 1838 1561; x_wconf 86' lang='lat' dir='ltr'>venerari</span> 
     </span>
     <span class='ocr_line' id='line_1_63' title="bbox 1122 1571 1838 1630; baseline 0.004 -14"><span class='ocrx_word' id='word_1_233' title='bbox 1122 1571 1392 1629; x_wconf 77' lang='lat' dir='ltr'>exoptabat,</span> <span class='ocrx_word' id='word_1_234' title='bbox 1410 1578 1463 1616; x_wconf 93' lang='lat' dir='ltr'>ut</span> <span class='ocrx_word' id='word_1_235' title='bbox 1484 1586 1594 1617; x_wconf 89' lang='lat' dir='ltr'>eum</span> <span class='ocrx_word' id='word_1_236' title='bbox 1614 1571 1838 1630; x_wconf 76' lang='lat' dir='ltr'>ejusdem</span> 
     </span>
     <span class='ocr_line' id='line_1_64' title="bbox 1122 1630 1841 1689; baseline 0.007 -14"><span class='ocrx_word' id='word_1_237' title='bbox 1122 1630 1399 1688; x_wconf 86' lang='lat' dir='ltr'>patrocinio,</span> <span class='ocrx_word' id='word_1_238' title='bbox 1441 1631 1561 1676; x_wconf 90' lang='lat' dir='ltr'>sicut</span> <span class='ocrx_word' id='word_1_239' title='bbox 1594 1632 1698 1689; x_wconf 89' lang='lat' dir='ltr'>ipse</span> <span class='ocrx_word' id='word_1_240' title='bbox 1738 1633 1841 1680; x_wconf 69' lang='lat' dir='ltr'>aie·</span> 
     </span>
     <span class='ocr_line' id='line_1_65' title="bbox 1121 1689 1840 1796; baseline 0.007 -61"><span class='ocrx_word' id='word_1_241' title='bbox 1121 1691 1221 1796; x_wconf 55' lang='lat' dir='ltr'>bgt,</span> <span class='ocrx_word' id='word_1_242' title='bbox 1244 1689 1407 1737; x_wconf 74' lang='lat' dir='ltr'>amnia</span> <span class='ocrx_word' id='word_1_243' title='bbox 1425 1691 1556 1737; x_wconf 82' lang='lat' dir='ltr'>bona</span> <span class='ocrx_word' id='word_1_244' title='bbox 1575 1705 1840 1750; x_wconf 84' lang='lat' dir='ltr'>conseque·</span> 
     </span>
     <span class='ocr_line' id='line_1_66' title="bbox 1122 1759 1294 1798; baseline 0.012 -3"><span class='ocrx_word' id='word_1_245' title='bbox 1122 1765 1145 1795; x_wconf 91' lang='lat' dir='ltr'>r</span> <span class='ocrx_word' id='word_1_246' title='bbox 1173 1759 1294 1798; x_wconf 88' lang='lat' dir='ltr'>ntur.</span> 
     </span>
    </p>

    <p class='ocr_par' dir='ltr' id='par_1_8' title="bbox 1120 1808 1844 2225">
     <span class='ocr_line' id='line_1_67' title="bbox 1174 1808 1842 1868; baseline 0.004 -14"><span class='ocrx_word' id='word_1_247' title='bbox 1174 1808 1248 1868; x_wconf 84' lang='lat' dir='ltr'>R7.</span> <span class='ocrx_word' id='word_1_248' title='bbox 1293 1809 1484 1856; x_wconf 82' lang='lat' dir='ltr'>Amavit</span> <span class='ocrx_word' id='word_1_249' title='bbox 1519 1824 1626 1856; x_wconf 87' lang='lat' dir='ltr'>eum</span> <span class='ocrx_word' id='word_1_250' title='bbox 1664 1811 1842 1859; x_wconf 69' lang='lat' dir='ltr'>Dami-</span> 
     </span>
     <span class='ocr_line' id='line_1_68' title="bbox 1122 1870 1844 1922; baseline 0.006 -8"><span class='ocrx_word' id='word_1_251' title='bbox 1122 1884 1222 1922; x_wconf 90' lang='lat' dir='ltr'>nus,</span> <span class='ocrx_word' id='word_1_252' title='bbox 1261 1878 1309 1915; x_wconf 90' lang='lat' dir='ltr'>et</span> <span class='ocrx_word' id='word_1_253' title='bbox 1341 1870 1524 1916; x_wconf 87' lang='lat' dir='ltr'>ornavit</span> <span class='ocrx_word' id='word_1_254' title='bbox 1558 1883 1705 1916; x_wconf 85' lang='lat' dir='ltr'>eum:</span> <span class='ocrx_word' id='word_1_255' title='bbox 1742 1880 1844 1918; x_wconf 86' lang='lat' dir='ltr'>sto-</span> 
     </span>
     <span class='ocr_line' id='line_1_69' title="bbox 1120 1929 1835 1987; baseline 0.003 -13"><span class='ocrx_word' id='word_1_256' title='bbox 1120 1929 1216 1975; x_wconf 87' lang='lat' dir='ltr'>lam</span> <span class='ocrx_word' id='word_1_257' title='bbox 1248 1929 1427 1987; x_wconf 75' lang='lat' dir='ltr'>gldriae</span> <span class='ocrx_word' id='word_1_258' title='bbox 1466 1929 1620 1975; x_wconf 86' lang='lat' dir='ltr'>induit</span> <span class='ocrx_word' id='word_1_259' title='bbox 1656 1930 1835 1983; x_wconf 48' lang='lat' dir='ltr'>eumd*</span> 
     </span>
     <span class='ocr_line' id='line_1_70' title="bbox 1122 1988 1844 2045; baseline 0.006 -12"><span class='ocrx_word' id='word_1_260' title='bbox 1122 1989 1184 2033; x_wconf 91' lang='lat' dir='ltr'>Et</span> <span class='ocrx_word' id='word_1_261' title='bbox 1206 1991 1269 2034; x_wconf 86' lang='lat' dir='ltr'>ad</span> <span class='ocrx_word' id='word_1_262' title='bbox 1290 1998 1451 2045; x_wconf 85' lang='lat' dir='ltr'>portas</span> <span class='ocrx_word' id='word_1_263' title='bbox 1589 1988 1680 2034; x_wconf 89' lang='lat' dir='ltr'>disi</span> <span class='ocrx_word' id='word_1_264' title='bbox 1698 2004 1844 2037; x_wconf 82' lang='lat' dir='ltr'>coro-</span> 
     </span>
     <span class='ocr_line' id='line_1_71' title="bbox 1121 2049 1841 2096; baseline 0.007 -4"><span class='ocrx_word' id='word_1_265' title='bbox 1121 2049 1248 2094; x_wconf 86' lang='lat' dir='ltr'>navit</span> <span class='ocrx_word' id='word_1_266' title='bbox 1267 2062 1392 2095; x_wconf 90' lang='lat' dir='ltr'>eum.</span> <span class='ocrx_word' id='word_1_267' title='bbox 1492 2081 1502 2091; x_wconf 89' lang='lat'><strong>.</strong></span> <span class='ocrx_word' id='word_1_268' title='bbox 1539 2049 1701 2094; x_wconf 90' lang='lat' dir='ltr'>Induit</span> <span class='ocrx_word' id='word_1_269' title='bbox 1723 2063 1841 2096; x_wconf 86' lang='lat' dir='ltr'>eum</span> 
     </span>
     <span class='ocr_line' id='line_1_72' title="bbox 1124 2106 1841 2159; baseline 0.006 -7"><span class='ocrx_word' id='word_1_270' title='bbox 1124 2108 1359 2153; x_wconf 73' lang='lat' dir='ltr'>Daminus</span> <span class='ocrx_word' id='word_1_271' title='bbox 1390 2106 1584 2153; x_wconf 86' lang='lat' dir='ltr'>loricam</span> <span class='ocrx_word' id='word_1_272' title='bbox 1619 2107 1755 2159; x_wconf 70' lang='lat' dir='ltr'>fidei,</span> <span class='ocrx_word' id='word_1_273' title='bbox 1789 2119 1841 2156; x_wconf 89' lang='lat' dir='ltr'>et</span> 
     </span>
     <span class='ocr_line' id='line_1_73' title="bbox 1120 2167 1835 2225; baseline 0.008 -13"><span class='ocrx_word' id='word_1_274' title='bbox 1120 2167 1300 2213; x_wconf 84' lang='lat' dir='ltr'>ornavit</span> <span class='ocrx_word' id='word_1_275' title='bbox 1309 2168 1561 2213; x_wconf 71' lang='lat' dir='ltr'>eum—Et</span> <span class='ocrx_word' id='word_1_276' title='bbox 1571 2168 1633 2212; x_wconf 91' lang='lat' dir='ltr'>ad</span> <span class='ocrx_word' id='word_1_277' title='bbox 1648 2177 1835 2225; x_wconf 85' lang='lat' dir='ltr'>portas.</span> 
     </span>
    </p>
   </div>
   <div class='ocr_carea' id='block_1_6' title="bbox 1116 2253 1835 2455">
    <p class='ocr_par' dir='ltr' id='par_1_9' title="bbox 1116 2253 1835 2455">
     <span class='ocr_line' id='line_1_74' title="bbox 1341 2253 1606 2304; baseline -0.013 1"><span class='ocrx_word' id='word_1_278' title='bbox 1341 2253 1606 2304; x_wconf 55' lang='lat' dir='ltr'>beatioris</span> 
     </span>
     <span class='ocr_line' id='line_1_75' title="bbox 1116 2331 1835 2455; baseline 0.003 -68"><span class='ocrx_word' id='word_1_279' title='bbox 1116 2331 1403 2455; x_wconf 58' lang='lat' dir='ltr'>HAEC</span> <span class='ocrx_word' id='word_1_280' title='bbox 1449 2341 1575 2388; x_wconf 74' lang='lat' dir='ltr'>beati</span> <span class='ocrx_word' id='word_1_281' title='bbox 1627 2343 1835 2406; x_wconf 59' lang='lat' dir='ltr'>josephi</span> 
     </span>
    </p>
   </div>
   <div class='ocr_carea' id='block_1_7' title="bbox 1119 2402 1842 2934">
    <p class='ocr_par' dir='ltr' id='par_1_10' title="bbox 1119 2402 1842 2934">
     <span class='ocr_line' id='line_1_76' title="bbox 1287 2402 1841 2462; baseline 0.002 -14"><span class='ocrx_word' id='word_1_282' title='bbox 1287 2402 1598 2448; x_wconf 79' lang='lat' dir='ltr'>sollicitudoa</span> <span class='ocrx_word' id='word_1_283' title='bbox 1616 2417 1746 2448; x_wconf 89' lang='lat' dir='ltr'>suae</span> <span class='ocrx_word' id='word_1_284' title='bbox 1748 2418 1841 2462; x_wconf 84' lang='lat' dir='ltr'>rga</span> 
     </span>
     <span class='ocr_line' id='line_1_77' title="bbox 1121 2461 1839 2521; baseline 0 -13"><span class='ocrx_word' id='word_1_285' title='bbox 1121 2461 1360 2519; x_wconf 72' lang='lat' dir='ltr'>prdximos</span> <span class='ocrx_word' id='word_1_286' title='bbox 1400 2463 1630 2508; x_wconf 75' lang='lat' dir='ltr'>charitate</span> <span class='ocrx_word' id='word_1_287' title='bbox 1668 2464 1839 2521; x_wconf 87' lang='lat' dir='ltr'>prodi·</span> 
     </span>
     <span class='ocr_line' id='line_1_78' title="bbox 1120 2522 1840 2574; baseline 0.003 -8"><span class='ocrx_word' id='word_1_288' title='bbox 1120 2523 1236 2574; x_wconf 86' lang='lat' dir='ltr'>bat;</span> <span class='ocrx_word' id='word_1_289' title='bbox 1258 2529 1392 2568; x_wconf 86' lang='lat' dir='ltr'>tanto</span> <span class='ocrx_word' id='word_1_290' title='bbox 1411 2523 1539 2567; x_wconf 88' lang='lat' dir='ltr'>enim</span> <span class='ocrx_word' id='word_1_291' title='bbox 1560 2522 1840 2568; x_wconf 81' lang='lat' dir='ltr'>animarum</span> 
     </span>
     <span class='ocr_line' id='line_1_79' title="bbox 1120 2581 1839 2632; baseline 0.004 -8"><span class='ocrx_word' id='word_1_292' title='bbox 1120 2581 1220 2625; x_wconf 88' lang='lat' dir='ltr'>zelo</span> <span class='ocrx_word' id='word_1_293' title='bbox 1241 2581 1509 2632; x_wconf 75' lang='lat' dir='ltr'>exardebat,</span> <span class='ocrx_word' id='word_1_294' title='bbox 1537 2589 1591 2627; x_wconf 90' lang='lat' dir='ltr'>ut</span> <span class='ocrx_word' id='word_1_295' title='bbox 1611 2581 1839 2627; x_wconf 67' lang='lat' dir='ltr'>amnium</span> 
     </span>
     <span class='ocr_line' id='line_1_80' title="bbox 1120 2639 1837 2686; baseline 0.003 -2"><span class='ocrx_word' id='word_1_296' title='bbox 1120 2639 1320 2684; x_wconf 80' lang='lat' dir='ltr'>salutem</span> <span class='ocrx_word' id='word_1_297' title='bbox 1341 2641 1497 2686; x_wconf 88' lang='lat' dir='ltr'>modis</span> <span class='ocrx_word' id='word_1_298' title='bbox 1517 2640 1747 2686; x_wconf 68' lang='lat' dir='ltr'>amnibus</span> <span class='ocrx_word' id='word_1_299' title='bbox 1763 2642 1837 2686; x_wconf 87' lang='lat' dir='ltr'>in-</span> 
     </span>
     <span class='ocr_line' id='line_1_81' title="bbox 1120 2698 1840 2756; baseline 0.003 -13"><span class='ocrx_word' id='word_1_300' title='bbox 1120 2698 1702 2756; x_wconf 82' lang='lat' dir='ltr'>stantissimeprocuraset.</span> <span class='ocrx_word' id='word_1_301' title='bbox 1740 2701 1840 2746; x_wconf 87' lang='lat' dir='ltr'>Ex-</span> 
     </span>
     <span class='ocr_line' id='line_1_82' title="bbox 1120 2758 1837 2816; baseline 0.004 -13"><span class='ocrx_word' id='word_1_302' title='bbox 1120 2758 1320 2803; x_wconf 77' lang='lat' dir='ltr'>tendens</span> <span class='ocrx_word' id='word_1_303' title='bbox 1349 2759 1525 2816; x_wconf 86' lang='lat' dir='ltr'>pariter</span> <span class='ocrx_word' id='word_1_304' title='bbox 1547 2759 1837 2805; x_wconf 84' lang='lat' dir='ltr'>charitatem</span> 
     </span>
     <span class='ocr_line' id='line_1_83' title="bbox 1120 2817 1842 2875; baseline 0.001 -13"><span class='ocrx_word' id='word_1_305' title='bbox 1120 2831 1256 2863; x_wconf 84' lang='lat' dir='ltr'>suam</span> <span class='ocrx_word' id='word_1_306' title='bbox 1305 2818 1355 2862; x_wconf 89' lang='lat' dir='ltr'>in</span> <span class='ocrx_word' id='word_1_307' title='bbox 1405 2817 1675 2875; x_wconf 66' lang='lat' dir='ltr'>praximum</span> <span class='ocrx_word' id='word_1_308' title='bbox 1736 2819 1842 2864; x_wconf 87' lang='lat' dir='ltr'>sive</span> 
     </span>
     <span class='ocr_line' id='line_1_84' title="bbox 1119 2876 1836 2934; baseline 0.004 -13"><span class='ocrx_word' id='word_1_309' title='bbox 1119 2878 1388 2934; x_wconf 84' lang='lat' dir='ltr'>pauperem,</span> <span class='ocrx_word' id='word_1_310' title='bbox 1431 2878 1527 2922; x_wconf 91' lang='lat' dir='ltr'>sive</span> <span class='ocrx_word' id='word_1_311' title='bbox 1568 2876 1836 2932; x_wconf 70' lang='lat' dir='ltr'>infirmum,</span> 
     </span>
    </p>
   </div>
  </div>
 </body>
</html>
