2050 3392
385 253 551 322 Infra
582 253 691 307 Οἱῖ.
720 253 1112 306 Βεάίεαίὶοηιὶς
1137 253 1428 307 Ecclesiae.

1548 254 1653 311 clv,

183 377 270 422 nis.
293 374 425 431 Quid
441 376 566 421 enirn
580 376 892 422 hocloconon
962 389 1179 433 cumque,
1210 375 1309 420 Pax
1340 376 1489 429 vobis,
1524 375 1663 421 dieo:

182 449 414 493 magnum
456 444 526 481 est
567 445 613 482 et
655 436 891 482 admiran-

963 436 1145 481 Etcum
1154 436 1322 493 spiritu
1333 444 1534 488 tu0,n0n
1550 448 1668 481 voce

184 497 346 541 dum?
420 496 545 540 Nam
579 497 696 542 haec
729 510 892 541 mensa
960 496 1127 548 solum,
1169 496 1254 540 sed
1284 495 1446 541 animo
1476 508 1670 553 quoque

182 556 327 612 longe
369 556 615 613 pretidsior
644 564 714 601 est
747 564 891 614 atque

179 614 436 671 jucundior
455 631 464 668 ;
479 624 525 661 et
545 616 733 660 lucerna
750 617 880 666 haec,

185 688 332 731 quam
372 675 462 726 illa.
502 684 553 721 ut
594 683 769 720 norunt
809 675 888 731 qui

188 747 298 778 cum
331 734 424 779 fide
455 735 563 780 cleo
595 733 825 791 peruncti,
863 747 892 778 a

184 794 365 838 morbis
387 792 569 838 liberati
593 801 718 838 sunt.
767 793 893 837 Arca

184 852 335 897 etiam
367 853 484 896 haec
526 852 677 897 multo
708 851 885 903 melior,

187 912 441 968 magisque
464 911 739 955 necessaria.
780 911 892 956 Non

185 971 314 1015 enim
338 978 501 1021 vestes,
530 971 613 1016 sed
637 970 894 1016 misericdr·

186 1030 319 1075 diam
366 1030 595 1075 inclusam
648 1029 890 1075 cdntinet:

182 1090 403 1147 quamvis
417 1090 556 1146 pauci
574 1090 666 1134 sint
683 1090 764 1147 qui
786 1103 891 1135 eam

183 1150 477 1206 possideant.
518 1148 612 1194 Hic
627 1157 673 1194 et
691 1149 891 1194 led-'tulus

181 1215 256 1253 est
280 1209 416 1253 valde
439 1208 518 1253 illo
541 1209 855 1266 praestantior
880 1224 889 1254 :

182 1268 450 1314 divinarum
473 1269 597 1313 enirn
629 1268 893 1327 Scriptura-

184 1342 295 1374 rum
336 1328 519 1386 requies
560 1329 728 1387 quovis
764 1328 890 1374 lec‘to

180 1387 376 1434 suavior
394 1396 480 1434 est.

239 1456 310 1513 Rq,
341 1447 385 1493 O
406 1461 566 1506 quarn.
593 1449 807 1494 cxxxviii.

409 1546 572 1593 Letstio
595 1548 652 1595 Vi.

333 1625 377 1669 T
386 1626 582 1682 quidem
590 1625 627 1669 si
637 1624 893 1669 conedrdia

181 1633 324 1787 Q:
363 1684 572 1741 perfecte
589 1684 851 1729 servaretur
866 1698 895 1728 a

180 1756 248 1789 no
284 1756 337 1796 is,
389 1745 570 1788 nullam
625 1744 768 1788 aliam
811 1744 896 1788 do-

179 1816 317 1848 mum
341 1812 528 1860 praeter
559 1803 682 1848 hanc
704 1802 895 1847 habere—

179 1876 305 1908 mus.
330 1863 439 1907 Hoc
456 1870 613 1908 autem
633 1863 765 1920 quod
780 1862 889 1913 dixi,

181 1936 284 1967 non
334 1935 438 1967 esse
480 1923 665 1975 durum,
718 1921 895 1967 testan-

182 1990 263 2028 tur
271 1982 352 2026 illa
360 1982 451 2026 tria
464 1983 529 2026 mi
534 1982 673 2034 llia,et
683 1982 894 2039 quinque

181 2042 333 2087 millia
356 2042 615 2094 hdminum,
643 2043 814 2100 quibus
845 2049 893 2086 et

182 2104 359 2147 domus
380 2115 490 2155 una,
518 2110 563 2147 et
589 2116 753 2147 mensa
775 2116 883 2154 una,

181 2170 229 2206 et
253 2163 415 2207 anima
435 2175 532 2207 una
553 2170 668 2208 erat.
728 2162 891 2206 Multi-

183 2221 364 2266 tudinis
408 2223 534 2267 enim
576 2222 883 2272 credentium.

181 2280 352 2336 inquit,
388 2294 536 2326 unum
572 2289 673 2327 erat
711 2295 806 2332 cor.
844 2289 889 2326 et

181 2339 348 2385 anima
363 2353 472 2385 una.
515 2342 608 2386 Sed
622 2341 737 2399 quia
750 2342 892 2398 longe

179 2400 249 2446 ab
260 2399 447 2444 illdrum
462 2400 630 2445 virtute
645 2401 888 2452 absumus,

179 2469 229 2506 et
262 2473 347 2517 per
375 2459 546 2504 domos
573 2460 795 2517 disjuncti
819 2474 888 2504 su—

182 2533 305 2570 mus,
357 2519 524 2563 saltem
571 2521 767 2576 quando
802 2521 895 2563 huc

182 2579 509 2628 convenimus,
525 2578 572 2622 id
589 2579 717 2622 omni
736 2578 895 2623 studio

181 2638 433 2685 faciamus.
485 2636 613 2680 Nam
627 2638 713 2681 etsi
733 2639 779 2681 in
794 2637 896 2681 aliis

184 2699 329 2743 rebus
365 2696 613 2754 pauperes
649 2705 695 2740 et
731 2695 896 2752 inopes

182 2772 364 2809 sumus,
381 2757 596 2802 hocloco
609 2756 773 2800 saltem
789 2768 897 2799 curn

184 2819 278 2866 huc
304 2818 370 2864 ad
406 2829 492 2863 vos
519 2814 761 2867 intramus⁸
789 2827 897 2859 eum

182 2880 412 2926 charitate
475 2888 564 2922 nos
624 2873 852 2933 suscipite
886 2888 897 2921 z

961 555 1257 615 respondete.

1010 618 1085 680 Rp,
1103 615 1252 660 Mane
1261 614 1662 674 surgenscxxxix.

1048 713 1101 757 Iu
1138 715 1273 758 tertio
1298 712 1562 758 Noc‘turno.

965 790 1132 837 Lectio
1153 791 1304 837 sancti
1327 791 1571 849 Evangelii
1596 803 1669 837 se-

1101 849 1310 896 cundum
1332 852 1529 897 Lucam.

989 938 1155 984 Leffio
1179 941 1250 985 vii.
1400 936 1513 995 Cap.
1541 936 1631 981 xix.

1074 1011 1122 1057 N
1170 1012 1252 1057 illo
1302 1012 1517 1070 ternpore
1547 1026 1558 1057 ε
1592 1013 1669 1056 In-

1101 1071 1290 1129 gressus
1308 1072 1450 1134 Jesus
1488 1084 1671 1129 peram-

960 1130 1369 1193 bulabatJericho.
1392 1131 1454 1175 Et
1476 1144 1587 1176 ecce
1603 1131 1671 1175 vir

961 1190 1156 1237 ndmine
1196 1191 1438 1236 Zachaeus
1471 1203 1482 1235 ε
1514 1200 1563 1235 et
1593 1190 1672 1235 hic

960 1251 1181 1310 princeps
1235 1259 1336 1297 erat
1395 1250 1672 1310 publicand-

960 1324 1081 1364 rum,
1109 1320 1156 1357 et
1176 1311 1280 1370 ipse
1297 1311 1441 1357 dives,
1491 1310 1554 1355 Et
1567 1309 1670 1356 reli-

960 1384 1072 1429 qua.

1011 1448 1086 1493 De
1110 1447 1326 1493 Homilia
1345 1446 1621 1493 venerabilis

1084 1506 1242 1551 Bedae
1265 1506 1545 1563 Presbyteri.

999 1566 1668 1668 w

1229 1696 1409 1736 omnes,
1460 1695 1669 1728 murmu-

1180 1768 1183 1801 ;
1234 1744 1417 1795 rabant,
1459 1743 1669 1788 dicentes

1135 1839 1146 1841 -
1236 1804 1367 1860 quod
1415 1803 1477 1847 ad
1519 1802 1670 1847 hdmi-

965 1861 1668 1919 nempeccatdremdivertisset.

967 1922 1276 1968 Manifestum
1329 1929 1414 1974 est,
1456 1921 1671 1984 Judaeos

965 1995 1153 2040 semper
1174 1982 1401 2027 Gentium
1422 1981 1581 2026 odisse
1596 1993 1671 2026 sa-

964 2042 1128 2087 lutem.
1169 2042 1410 2099 Scriptum
1423 2049 1495 2085 est
1508 2040 1668 2085 enim:

963 2102 1188 2159 Sequenti
1206 2115 1316 2146 vero
1333 2100 1533 2146 sabbato
1550 2112 1671 2157 pene

963 2162 1181 2207 universa
1234 2160 1399 2205 civitas
1449 2160 1671 2205 convenit

963 2222 1129 2266 audire
1147 2221 1338 2265 verbum
1361 2220 1462 2264 Dei.
1494 2218 1672 2264 Viden-

964 2289 1035 2326 tes
1075 2289 1236 2326 autem
1280 2279 1453 2330 turbas,
1495 2277 1669 2341 Judaei

963 2341 1125 2398 repleti
1149 2347 1259 2385 sunt
1282 2339 1394 2389 zelo,
1415 2346 1464 2381 et
1485 2345 1672 2381 contra·

963 2401 1186 2445 dicebant
1218 2400 1286 2450 iis.
1315 2411 1437 2455 quae
1469 2410 1498 2441 a
1522 2396 1672 2441 Paulo

964 2460 1257 2504 dicebantur.
1285 2458 1346 2501 Et
1362 2457 1488 2508 alibi,
1510 2454 1672 2500 fideles

963 2519 1107 2563 etiam
1124 2519 1291 2563 fratres
1303 2516 1530 2562 adversus
1542 2515 1674 2571 Apo-

966 2578 1196 2622 stoldrum
1232 2576 1493 2633 principem
1524 2574 1673 2619 disce·

968 2636 1187 2693 ptabant,
1227 2635 1438 2680 dicentes
1469 2649 1478 2679 ε
1512 2635 1674 2689 Quare

967 2696 1172 2740 introisti
1215 2696 1277 2739 ad
1315 2695 1437 2738 viros
1474 2692 1674 2750 praepu-

968 2756 1088 2800 tium
1116 2753 1359 2805 habentes,
1394 2761 1442 2797 et
1472 2753 1674 2798 mandu—

967 2814 1086 2861 casti
1102 2812 1351 2859 cumillis?

1031 2881 1100 2936 R7,
1125 2873 1313 2919 Domus
1334 2885 1454 2918 mea.
1482 2871 1585 2918 cxli.
