2050 3392
366 277 491 330 xxii.

368 400 418 444 in
438 413 592 452 carne,
619 397 949 456 plantaverunt
980 386 1072 450 Ee—

369 460 562 505 clesiam
592 458 821 515 sauguine
860 467 950 500 suo
996 467 1007 499 z
1028 450 1056 466 '‘

362 519 572 564 Calicem
585 516 776 562 Demini
786 513 1017 566 biberunt,
1025 520 1073 557 et

370 578 510 623 amici
536 577 623 621 Dei
640 574 751 620 faeti
774 581 897 618 sunt.
907 560 971 621 W
1014 573 1071 617 In

370 650 563 681 omnem
582 644 753 681 terram
770 632 910 677 exivit
927 645 1072 677 sonus

370 696 547 746 cerum,
567 701 613 738 et
630 694 676 737 in
694 693 811 737 fines
833 692 959 737 orbis
983 699 1073 736 ter-

369 767 450 800 rae
468 754 608 798 verba
629 752 875 798 cerum—
890 750 1066 797 Calice.

566 821 734 868 Letstio
755 819 845 866 viii.
901 840 909 845 ·

363 896 504 1017 H:
518 902 565 947 T
581 903 712 960 justa
732 913 925 959 prorsus
945 899 1077 944 retri-

549 961 699 1014 bt'atio,
726 971 780 1005 ut
796 961 877 1018 qui
896 960 971 1003 hic
986 972 1076 1016 pro

372 1021 565 1067 Christo
606 1020 843 1065 humenae
876 1019 1075 1076 gleriam

371 1080 663 1126 celsitt'idinis
685 1078 1003 1137 neglexerunt,
1027 1078 1079 1121 il-

372 1141 433 1185 lic
453 1155 485 1186 a
505 1140 697 1185 Christo
705 1139 890 1196 jndices
904 1137 1080 1195 glorifi-

374 1199 467 1245 cati
490 1198 791 1256 singulariter
805 1212 915 1242 cum
932 1211 991 1242 eo
1006 1211 1082 1242 as-

373 1259 575 1309 sideant,
590 1259 670 1314 qui
680 1271 709 1301 a
717 1257 970 1314 sequendis
979 1257 1081 1314 ejus

374 1317 583 1374 vestigiis
605 1317 733 1360 nulla
748 1316 931 1361 ratiene
947 1316 1082 1372 pete-

374 1384 481 1421 rant
512 1375 662 1421 avelli.
731 1375 891 1420 Nemo
918 1382 1080 1419 autern

374 1443 511 1494 putet
572 1435 826 1482 duedecim
891 1442 1079 1480 tantum

376 1495 653 1552 Apestolos‚
696 1496 808 1553 quia
838 1509 927 1552 pro
950 1495 1084 1557 Juda

377 1555 731 1615 praevaricente
752 1555 963 1600 Mathias
992 1552 1085 1598 ele·

378 1616 485 1661 etus
516 1624 600 1668 est.
628 1624 741 1660 tunc
770 1628 874 1660 esse
900 1613 1085 1672 judica-

380 1676 513 1723 tt'xros
535 1691 546 1722 ε
568 1675 689 1721 sicut
710 1688 798 1719 nec
829 1673 1084 1721 duedecim

382 1738 515 1784 solae
545 1744 655 1781 sunt
677 1736 825 1781 tribus
850 1733 994 1779 Israel
1010 1733 1086 1790 ju-

386 1797 617 1842 dicandae
647 1810 657 1841 :
694 1796 905 1852 aliequin
937 1793 1085 1837 tribus

386 1857 516 1908 Levi,
582 1868 707 1912 quae
762 1852 1086 1899 tertiadecima

384 1924 469 1970 est,
495 1913 756 1972 injudicata
777 1913 977 1958 recedet.

439 1974 511 2030 l<7.
558 1973 641 2018 Isti
670 1980 780 2017 sunt
810 1972 893 2016 viri
914 1970 1082 2024 saneti,

388 2032 659 2092 quoselegit
671 2031 963 2076 Deminusin
976 2031 1089 2075 cha-
1239 2044 1368 2070 ι

386 2092 524 2138 ritate
540 2104 637 2136 non
654 2090 982 2141 fieta,etdedit
999 2090 1089 2163 illi}
1219 2084 1285 2128 ,ἵζ’

384 2152 586 2210 gleriam
626 2149 965 2207 sempiternam
1007 2163 1017 2194 :

385 2213 602 2267 Quorum
613 2208 908 2254 d0&rinaful
941 2216 989 2253 et
999 2209 1091 2254 Ec-

386 2269 607 2322 clesia,ut
622 2269 723 2313 sole
739 2270 864 2314 luna.
936 2297 945 2306 ·
971 2268 1091 2313 San·

388 2329 1082 2388 etiperfidemviceruntregna,

388 2389 570 2448 operati
598 2396 709 2448 sunt
747 2387 993 2446 justitiam.
1031 2412 1090 2419 —

388 2450 619 2507 Quorum.
647 2446 824 2495 Gldria.
851 2446 1084 2502 Quorum.

614 2519 779 2566 Lectio
800 2518 860 2563 ix.

597 2597 787 2649 Paulus,
802 2595 883 2653 qui
906 2595 1092 2640 tertius·

556 2658 768 2703 decimus
790 2662 861 2700 est
880 2654 1091 2711 Apesto·

388 2719 473 2769 lus,
524 2716 769 2774 Judicendi
820 2723 948 2760 sorte
998 2714 1090 2769 pri-

388 2776 588 2826 vabitur.
625 2789 733 2819 cum
766 2774 869 2830 ipse
909 2773 1038 2817 dicat
1077 2786 1087 2817 z

388 2834 595 2879 Nescitis
632 2833 860 2891 queniam
892 2832 1091 2889 Angelos

382 2891 717 2947 judicabimus,
762 2899 945 2950 quanto
990 2904 1093 2937 ma-

669 276 970 329 Commune
992 269 1520 342 Evangelistarum.

1139 392 1212 450 gis
1252 391 1512 438 saecule-ria
1538 389 1562 436 ’ἓ
1591 389 1858 436 Sciend·11n

1140 464 1349 509 namque
1369 459 1454 504 est,
1477 463 1663 502 omnes,
1691 451 1776 507 qui
1795 449 1860 494 ad

1142 511 1413 568 exemplum
1501 509 1857 567 Apostoldrum

1143 585 1230 616 sua
1265 569 1557 627 reliquerunt
1590 569 1773 621 emnia,
1810 575 1859 612 et

1143 629 1293 675 sect'iti
1315 636 1426 674 sunt
1441 629 1712 681 Christum,
1730 627 1860 686 jndi-

1144 703 1220 734 ces
1249 702 1358 733 cum
1389 702 1448 733 eo
1464 688 1707 740 venuit-os,
1734 688 1857 732 sicut

1143 749 1287 794 etiam
1310 762 1453 793 omne
1478 748 1756 793 mortalium
1779 760 1858 804 ge-

1145 821 1234 852 nus
1248 822 1352 852 esse
1360 807 1692 866 Judieendum.
1731 807 1857 862 Quia

1144 869 1272 913 enim
1293 867 1592 912 duodenario
1609 881 1758 924 saepe
1775 865 1857 910 mi-

1145 941 1279 972 mero
1329 928 1448 972 solet
1499 927 1548 971 in
1602 926 1856 983 Scriptt'iris

1144 987 1421 1032 universitas
1472 986 1728 1043 designeri,
1776 997 1857 1042 per

1145 1046 1401 1092 duedecim
1430 1047 1569 1091 sedes
1597 1044 1856 1103 Apostole-

1144 1120 1276 1159 rum.
1331 1106 1487 1150 omnis
1535 1104 1854 1150 numeresitas

1143 1164 1477 1224 judicantium,
1498 1172 1545 1209 et
1567 1178 1655 1221 per
1676 1164 1854 1209 duede-

1147 1226 1238 1270 cim
1249 1225 1399 1269 tribus
1411 1223 1852 1276 Israel,universitas

1147 1284 1326 1336 e6rum,
1346 1284 1427 1341 qui
1444 1283 1695 1341 judicandi
1728 1289 1847 1334 sunt,

1149 1344 1426 1390 ostenditur.

1207 1403 1281 1448 Te
1303 1402 1459 1447 Deum
1491 1400 1762 1447 laudemus.
1788 1414 1849 1458 17.

1178 1521 1307 1568 PRO
1341 1519 1832 1566 EVANGELISTIS

1346 1590 1658 1626 Lssc‘ronES.

1241 1646 1295 1692 In
1319 1645 1473 1706 primo
1492 1641 1757 1690 Noeturno.

1195 1729 1370 1787 Incipit
1410 1729 1526 1773 liber
1567 1727 1821 1775 Ezechielis

1359 1787 1645 1847 Prophetae.

1239 1853 1408 1902 Leer
1435 1853 1465 1900 i.
1599 1866 1714 1923 Cap,
1735 1865 1762 1910 i·

1179 1950 1255 1994 ⁷0⁴
1388 1936 1434 1980 T
1471 1936 1653 1982 saetum
1699 1944 1770 1981 est
1806 1936 1852 1979 in

1219 1974 1348 2032 ὟΗΨ·
1420 1996 1662 2055 trigesimo
1713 2008 1846 2047 anno,

1348 2060 1354 2088 ·'
1420 2058 1470 2102 in
1551 2063 1736 2113 quart0,
1808 2055 1852 2099 in

1201 2146 1207 2152 -
1416 2116 1584 2173 quinta
1663 2116 1843 2166 mensis,

1157 2192 1261 2222 cum
1290 2192 1440 2220 essem
1460 2176 1510 2220 in
1530 2174 1691 2220 me'dio
1712 2174 1853 2231 oepti·

1159 2238 1320 2280 verum
1350 2238 1485 2292 juxta
1513 2234 1710 2279 flavium
1733 2234 1852 2279 Cho-

1157 2299 1253 2346 bar,
1302 2295 1450 2350 aperti
1490 2301 1602 2339 sunt
1643 2294 1774 2347 coeli,
1807 2300 1851 2338 et

1159 2358 1249 2398 vidi
1275 2356 1474 2398 visienes
1493 2353 1596 2397 Dei.
1622 2353 1678 2397 In
1693 2353 1851 2410 quinta

1159 2417 1346 2465 mensis,
1414 2417 1516 2471 ipse
1576 2420 1648 2457 est
1706 2425 1850 2457 annus

1159 2477 1348 2531 quintus
1434 2472 1850 2529 transmigratidnis

1159 2537 1277 2591 regis
1304 2532 1541 2595 Jeaehim‚
1579 2530 1755 2575 fae'tum
1784 2538 1849 2575 est

1161 2595 1352 2637 verbum
1408 2591 1602 2637 deini
1649 2590 1711 2634 ad
1745 2591 1850 2634 Ene-

1159 2654 1354 2695 chielem
1390 2650 1537 2694 filium
1573 2650 1685 2693 Buzi
1711 2662 1850 2693 saeer-

1159 2714 1320 2757 dtjtcm
1360 2713 1404 2753 in
1443 2717 1564 2755 terra
1594 2708 1850 2753 0113Ιά386-

1159 2787 1275 2821 rum,
1302 2785 1434 2813 secus
1454 2769 1633 2813 flumen
1650 2767 1847 2813 Chobar:

1159 2841 1203 2875 et
1227 2831 1352 2873 faeta
1384 2836 1454 2874 est
1484 2841 1627 2885 super
1655 2840 1762 2871 eum
1788 2825 1847 2871 ibi

1157 2903 1328 2936 manus
1350 2888 1460 2935 Dffi.
1479 2888 1543 2933 Et
1555 2887 1665 2941 vidi,
1687 2894 1734 2932 et
1747 2899 1847 2932 ecee
