2050 3392
586 284 667 343 [η’
684 284 1049 344 Dedicatiotie
1072 284 1370 345 Ecclesiae.

1511 282 1725 346 cxxxiii.

239 386 436 464 vestras]
454 418 504 458 et
520 388 766 458 elevamini
782 422 949 472 portae
1016 389 1125 460 rens
1155 413 1283 460 bella
1311 425 1465 473 usque
1494 415 1559 462 ad
1586 414 1727 460 finem

237 471 502 518 aeternales
534 485 547 518 z
582 470 609 496 ⁴*
641 480 689 518 et
735 473 948 519 introibit

243 532 345 577 Rex
364 532 556 590 gloriae.

299 591 418 647 Quis
426 593 594 639 estiste
605 593 706 639 Rex
719 591 948 650 gloriae?

239 651 478 699 Dominus
499 652 726 699 virtutum
747 653 850 710 ipse
876 660 947 698 est

240 712 342 757 Rex
362 713 555 771 gloriae.

292 774 407 818 Asia.
432 772 609 819 Tollite
625 778 802 829 portas,
824 770 951 829 prin-

236 832 380 890 cipes,
406 839 600 884 vestras,
622 839 671 877 et
701 831 948 877 elevamini

237 898 407 950 portae
425 890 700 938 aeternales,

288 950 406 996 Asia.
442 950 545 997 Erit
566 948 712 998 mihi*
739 951 877 997 Diius
897 951 946 997 in

236 1011 409 1066 Deum,
435 1018 483 1057 et
511 1011 633 1069 lapis
652 1011 742 1058 iste
761 1011 950 1058 vooeibi-

236 1079 314 1118 tur
333 1073 507 1119 domus
529 1072 635 1119 Dei.

419 1163 631 1215 Psalmus
652 1165 738 1212 xlv.

388 1253 521 1301 EUS
530 1251 941 1312 nosterreftigium,

414 1320 462 1360 et
493 1315 638 1360 virtus
664 1328 675 1361 ε
698 1313 727 1339 ⁴*
751 1313 947 1373 adjutor

232 1371 280 1419 in
306 1373 703 1427 tribulationibuS.
727 1388 853 1433 quae
873 1375 944 1420 in-

231 1434 456 1480 venerunt
478 1448 566 1481 nos
587 1434 738 1482 nimis.

293 1494 550 1552 Propterea
603 1508 700 1540 non
757 1493 940 1541 timebi-

231 1566 338 1599 mus
350 1554 466 1600 dum
480 1553 749 1600 turbabitur
764 1561 904 1600 terra:
915 1553 943 1578 ⁴*

230 1619 278 1659 et
310 1613 647 1659 transferentur
676 1621 863 1660 montes
893 1614 943 1658 in

231 1686 317 1719 cor
335 1673 493 1719 maris,

291 1733 576 1786 Sonuerunt,
622 1738 671 1779 et
723 1731 942 1779 turbatae

233 1800 346 1838 sunt
365 1805 524 1851 aquae
553 1792 720 1838 eorum
746 1806 757 1839 :
781 1791 810 1817 ⁴*
829 1807 944 1839 con-

233 1850 412 1897 turbati
432 1859 544 1897 sunt
573 1860 762 1899 montes
782 1853 829 1898 in
850 1853 944 1899 for-

232 1910 437 1957 titudine
467 1912 583 1971 ejus,

294 1969 523 2018 Fluminis
544 1971 751 2031 impetus
777 1971 945 2019 laetifi·
1012 1988 1061 2032 gi

231 2038 312 2077 cat
332 2031 571 2078 civitatem
593 2033 683 2078 Dei
704 2031 942 2079 :*sanoti-

230 2090 387 2137 fieavit
418 2092 777 2138 tabernAculum
801 2105 941 2139 suum

230 2150 517 2207 Ait-issimus.

291 2211 423 2259 Deus
450 2213 500 2257 in
520 2211 682 2260 modio
701 2213 816 2274 ejus,
843 2227 941 2260 non

230 2272 606 2320 commovebitur
623 2287 634 2319 ι
653 2272 681 2297 ⁴*
695 2274 943 2348 adjuvabit

230 2344 339 2376 &am
360 2332 493 2379 Deus
512 2346 653 2380 mane
674 2334 897 2380 diluculo.

292 2390 617 2440 Conturbatae
632 2400 742 2441 sunt
752 2394 929 2444 Gentes

230 2456 281 2497 et
312 2449 540 2498 inclinata
568 2460 679 2499 sunt
708 2467 856 2512 regna
881 2468 892 2501 :
915 2452 942 2478 ⁴*

231 2510 367 2557 dedit
379 2524 543 2558 vocem
557 2525 706 2566 suam,
726 2521 860 2560 mota
872 2522 943 2561 est

232 2577 371 2618 terra.

293 2630 531 2679 Dominus
544 2630 770 2695 virtutum
783 2633 942 2680 nobis-

229 2704 343 2738 cum
370 2706 381 2738 ε
415 2690 442 2716 ⁴*
485 2692 734 2752 susceptor
782 2701 945 2739 noster

231 2753 366 2799 Deus
423 2753 560 2799 acob.

287 2812 393 2859 Ven
417 2820 476 2866 te,
512 2818 561 2858 et
601 2811 756 2859 videte
794 2811 940 2871 opera

1020 481 1183 520 terrae.

1075 534 1254 580 Arcum
1286 532 1512 587 conteret,
1539 541 1588 580 et
1615 547 1729 580 con-

1016 592 1190 652 fringet
1228 607 1366 640 arma
1401 607 1414 640 ε
1446 594 1475 617 ⁴*
1504 601 1552 640 et
1592 602 1729 640 scuta

1016 654 1263 700 comburet
1284 653 1397 712 igni.

1076 713 1270 765 Vacate‚
1277 722 1325 759 et
1335 713 1491 760 videte
1497 713 1727 773 quoniam

1016 785 1110 830 ego
1130 786 1234 818 sum
1258 774 1420 819 Deus:
1440 773 1466 798 ⁴⁵
1481 773 1730 820 exaltabor

1015 832 1063 877 in
1078 832 1323 887 GontibuS,
1345 842 1394 880 et
1413 834 1660 880 exaltabor
1679 835 1727 880 in

1020 899 1155 938 terra.

1079 950 1317 999 Dominus
1329 952 1555 999 virtutum
1569 953 1727 1000 nobis·-

1017 1025 1126 1057 cum
1154 1024 1165 1058 :
1196 1010 1225 1036 ⁴*
1271 1011 1519 1072 susceptor
1566 1021 1727 1060 noster

1017 1071 1152 1117 Deus
1174 1071 1347 1136 Jacob.

1062 1132 1181 1178 Ana.
1235 1132 1338 1178 Erit
1358 1132 1472 1179 mihi
1490 1132 1727 1180 Dominus

977 1198 982 1229 ¹
1015 1192 1065 1238 in
1082 1193 1253 1245 Deum,
1276 1199 1324 1239 et
1339 1192 1462 1251 lapis
1486 1193 1576 1240 iste
1588 1194 1728 1240 voca-

1011 1253 1142 1300 bitur
1161 1254 1336 1300 domus
1357 1252 1460 1299 Dei.

1060 1312 1501 1360 Ana..AEdifioavit*
1530 1313 1726 1375 Moyses

1012 1373 1163 1421 altore
1188 1372 1401 1421 Domino
1422 1373 1542 1420 Deo.

1172 1467 1386 1516 psalmus
1408 1467 1525 1515 xlvii·

1166 1553 1400 1601 AGNUS
1413 1552 1662 1606 DominuS‚
1681 1562 1729 1600 et

1197 1613 1450 1659 laudabilis
1471 1614 1609 1658 nimis
1630 1612 1658 1637 ⁴*
1678 1614 1727 1658 in

1022 1672 1215 1720 civitate
1231 1673 1321 1720 Dei
1345 1672 1507 1726 nostri,
1526 1673 1575 1719 in
1590 1685 1724 1718 mon-

1016 1741 1064 1780 te
1084 1734 1252 1779 sanoto
1272 1733 1387 1793 ejus.

1066 1792 1723 1840 Fundaturexultationeuni-

1012 1853 1177 1900 versae
1205 1860 1353 1900 terrae
1380 1867 1518 1900 mons
1546 1853 1675 1906 Sion,
1695 1852 1722 1877 *

1011 1912 1162 1983 latera
1170 1913 1434 1985 Aquilonis,
1449 1913 1614 1960 clvitas
1632 1913 1724 1959 Re-

1064 1987 1087 2020 s
1108 1987 1284 2033 magni.

1075 2033 1207 2080 Deus
1223 2035 1271 2080 in
1284 2033 1508 2081 domibus
1524 2035 1626 2094 ejus
1643 2047 1723 2080 co·

1011 2093 1280 2152 gnosoetur‚
1306 2093 1335 2119 ⁴*
1355 2107 1465 2141 eum
1495 2094 1723 2154 suscipiet

1010 2166 1134 2201 mm.

1070 2213 1313 2271 Quoniam
1342 2228 1453 2262 ecce
1476 2227 1613 2274 reges
1634 2221 1724 2260 ter·

1012 2287 1094 2320 rae
1108 2274 1384 2335 congregati
1406 2282 1518 2321 sunt
1538 2288 1550 2321 :
1567 2273 1595 2298 ⁴*
1610 2288 1725 2319 con-

1011 2335 1241 2382 venerunt
1255 2336 1310 2380 in
1328 2345 1494 2381 unum.
1512 2338 1515 2342 ’

1077 2395 1172 2454 Ipsi
1186 2394 1400 2447 videntes
1417 2396 1484 2441 sic
1499 2391 1722 2440 admirati

1010 2463 1136 2508 sunt,
1155 2454 1422 2501 ‘conturbati
1444 2460 1570 2506 sunt,
1597 2466 1728 2499 com·

1011 2515 1131 2562 moti
1153 2522 1264 2560 sunt
1286 2528 1297 2560 :
1315 2513 1342 2537 ⁴*
1360 2521 1536 2560 tremor
1555 2525 1725 2571 appre-

1010 2573 1179 2621 hondit
1200 2587 1296 2620 eos.

1075 2634 1148 2679 Ibi
1170 2632 1359 2684 dolores
1386 2639 1440 2696 ut
1461 2631 1725 2691 parturion-

1012 2692 1122 2745 tis.*
1156 2693 1205 2738 in
1245 2693 1415 2751 spiritu
1455 2691 1721 2739 vehemonti

1011 2753 1226 2799 conteres
1248 2766 1391 2799 naves
1411 2751 1621 2798 Tharsis.

1073 2813 1207 2859 Sicut
1241 2812 1525 2866 audivimus,
1559 2813 1626 2858 sic
1652 2811 1721 2857 vi-

230 2871 442 2926 Domini,
469 2885 595 2932 quae
630 2871 791 2931 posuit
831 2886 941 2931 pro-
1013 2872 1172 2918 dimus
1210 2872 1260 2918 in
1300 2871 1489 2918 civitate
1526 2871 1718 2920 Domini

229 2932 364 2991 digia
383 2946 529 2992 super
549 2939 721 2978 terram
740 2945 751 2976 :
767 2930 796 2956 ⁴*
810 2931 941 2976 oufe-
1010 2931 1251 2985 virtutum,
1305 2932 1353 2977 in
1401 2931 1591 2978 civitate
1626 2931 1717 2975 Dei
