<?xml version="1.0" encoding="UTF-8"?>
<!DOCTYPE html PUBLIC "-//W3C//DTD XHTML 1.0 Transitional//EN"
    "http://www.w3.org/TR/xhtml1/DTD/xhtml1-transitional.dtd">
<html xmlns="http://www.w3.org/1999/xhtml" xml:lang="en" lang="en">
 <head>
  <title>
</title>
<meta http-equiv="Content-Type" content="text/html;charset=utf-8" />
  <meta name='ocr-system' content='tesseract 3.04.00' />
  <meta name='ocr-capabilities' content='ocr_page ocr_carea ocr_par ocr_line ocrx_word'/>
</head>
<body>
  <div class='ocr_page' id='page_1' title='image "./breviariumroman03churgoog_1015.png"; bbox 0 0 2050 3392; ppageno 0'>
   <div class='ocr_carea' id='block_1_1' title="bbox 369 218 1951 247">
    <p class='ocr_par' dir='ltr' id='par_1_1' title="bbox 369 218 1951 247">
     <span class='ocr_line' id='line_1_1' title="bbox 369 218 1951 247; baseline 0 3145"><span class='ocrx_word' id='word_1_1' title='bbox 369 218 1951 247; x_wconf 95' lang='lat' dir='ltr'> </span> 
     </span>
    </p>
   </div>
   <div class='ocr_carea' id='block_1_2' title="bbox 434 279 1654 351">
    <p class='ocr_par' dir='ltr' id='par_1_2' title="bbox 434 279 1654 351">
     <span class='ocr_line' id='line_1_2' title="bbox 434 279 1654 351; baseline -0.002 -15"><span class='ocrx_word' id='word_1_2' title='bbox 434 281 604 337; x_wconf 87' lang='lat' dir='ltr'>cclxx.</span> <span class='ocrx_word' id='word_1_3' title='bbox 699 282 811 335; x_wconf 79' lang='lat' dir='ltr'>Die</span> <span class='ocrx_word' id='word_1_4' title='bbox 833 296 903 351; x_wconf 72' lang='lat'>23</span> <span class='ocrx_word' id='word_1_5' title='bbox 934 281 1064 348; x_wconf 61' lang='lat'>052„</span> <span class='ocrx_word' id='word_1_6' title='bbox 1090 280 1199 334; x_wconf 80' lang='lat' dir='ltr'>SS.</span> <span class='ocrx_word' id='word_1_7' title='bbox 1229 279 1654 349; x_wconf 77' lang='lat' dir='ltr'>Redemptoris.</span> 
     </span>
    </p>
   </div>
   <div class='ocr_carea' id='block_1_3' title="bbox 431 414 1139 468">
    <p class='ocr_par' dir='ltr' id='par_1_3' title="bbox 431 414 1139 468">
     <span class='ocr_line' id='line_1_3' title="bbox 431 414 1139 468; baseline -0.003 -7"><span class='ocrx_word' id='word_1_8' title='bbox 431 424 478 461; x_wconf 88' lang='lat' dir='ltr'>et</span> <span class='ocrx_word' id='word_1_9' title='bbox 502 416 717 462; x_wconf 62' lang='lat' dir='ltr'>fundevit</span> <span class='ocrx_word' id='word_1_10' title='bbox 739 425 910 463; x_wconf 86' lang='lat' dir='ltr'>terram</span> <span class='ocrx_word' id='word_1_11' title='bbox 935 430 945 468; x_wconf 74' lang='grc' dir='ltr'>ς</span> <span class='ocrx_word' id='word_1_12' title='bbox 968 423 1013 460; x_wconf 89' lang='lat' dir='ltr'>et</span> <span class='ocrx_word' id='word_1_13' title='bbox 1043 414 1139 460; x_wconf 86' lang='lat' dir='ltr'>for-</span> 
     </span>
    </p>
   </div>
   <div class='ocr_carea' id='block_1_4' title="bbox 434 475 1228 535">
    <p class='ocr_par' dir='ltr' id='par_1_4' title="bbox 434 475 1228 535">
     <span class='ocr_line' id='line_1_4' title="bbox 434 475 1228 535; baseline -0.006 -14"><span class='ocrx_word' id='word_1_14' title='bbox 434 476 627 522; x_wconf 59' lang='lat' dir='ltr'>midasti</span> <span class='ocrx_word' id='word_1_15' title='bbox 665 475 838 535; x_wconf 74' lang='lat' dir='ltr'>jugiter</span> <span class='ocrx_word' id='word_1_16' title='bbox 868 483 969 528; x_wconf 83' lang='lat' dir='ltr'>tota</span> <span class='ocrx_word' id='word_1_17' title='bbox 999 475 1078 519; x_wconf 89' lang='lat' dir='ltr'>die</span> <span class='ocrx_word' id='word_1_18' title='bbox 1109 489 1140 519; x_wconf 89' lang='lat' dir='ltr'>a</span> <span class='ocrx_word' id='word_1_19' title='bbox 1217 501 1228 515; x_wconf 49' lang='lat' dir='ltr'>f</span> 
     </span>
    </p>
   </div>
   <div class='ocr_carea' id='block_1_5' title="bbox 426 534 1142 1716">
    <p class='ocr_par' dir='ltr' id='par_1_5' title="bbox 430 534 1142 1114">
     <span class='ocr_line' id='line_1_5' title="bbox 432 534 1140 592; baseline -0.001 -13"><span class='ocrx_word' id='word_1_20' title='bbox 432 534 555 581; x_wconf 75' lang='lat' dir='ltr'>facie</span> <span class='ocrx_word' id='word_1_21' title='bbox 595 535 764 581; x_wconf 84' lang='lat' dir='ltr'>furoris</span> <span class='ocrx_word' id='word_1_22' title='bbox 804 535 919 592; x_wconf 86' lang='lat' dir='ltr'>ejus,</span> <span class='ocrx_word' id='word_1_23' title='bbox 960 534 1044 592; x_wconf 88' lang='lat' dir='ltr'>qui</span> <span class='ocrx_word' id='word_1_24' title='bbox 1091 540 1140 579; x_wconf 90' lang='lat' dir='ltr'>te</span> 
     </span>
     <span class='ocr_line' id='line_1_6' title="bbox 433 593 1140 650; baseline -0.003 -11"><span class='ocrx_word' id='word_1_25' title='bbox 433 594 702 646; x_wconf 74' lang='lat' dir='ltr'>tribulabat,</span> <span class='ocrx_word' id='word_1_26' title='bbox 763 601 809 638; x_wconf 89' lang='lat' dir='ltr'>et</span> <span class='ocrx_word' id='word_1_27' title='bbox 889 593 1140 650; x_wconf 75' lang='lat' dir='ltr'>paraverat</span> 
     </span>
     <span class='ocr_line' id='line_1_7' title="bbox 432 653 1141 711; baseline -0.004 -12"><span class='ocrx_word' id='word_1_28' title='bbox 432 655 498 699; x_wconf 84' lang='lat' dir='ltr'>ad</span> <span class='ocrx_word' id='word_1_29' title='bbox 539 653 832 711; x_wconf 87' lang='lat' dir='ltr'>perdendum</span> <span class='ocrx_word' id='word_1_30' title='bbox 858 666 868 697; x_wconf 93' lang='lat'><strong>:</strong></span> <span class='ocrx_word' id='word_1_31' title='bbox 890 653 972 697; x_wconf 90' lang='lat' dir='ltr'>ubi</span> <span class='ocrx_word' id='word_1_32' title='bbox 1013 665 1141 696; x_wconf 89' lang='lat' dir='ltr'>nunc</span> 
     </span>
     <span class='ocr_line' id='line_1_8' title="bbox 432 711 1140 758; baseline -0.003 0"><span class='ocrx_word' id='word_1_33' title='bbox 432 722 504 758; x_wconf 90' lang='lat' dir='ltr'>est</span> <span class='ocrx_word' id='word_1_34' title='bbox 535 713 665 757; x_wconf 82' lang='lat' dir='ltr'>furor</span> <span class='ocrx_word' id='word_1_35' title='bbox 694 711 996 757; x_wconf 57' lang='lat' dir='ltr'>tribulantis?</span> <span class='ocrx_word' id='word_1_36' title='bbox 1030 711 1140 756; x_wconf 88' lang='lat' dir='ltr'>Cito</span> 
     </span>
     <span class='ocr_line' id='line_1_9' title="bbox 431 771 1142 829; baseline -0.001 -14"><span class='ocrx_word' id='word_1_37' title='bbox 431 772 587 816; x_wconf 87' lang='lat' dir='ltr'>veniet</span> <span class='ocrx_word' id='word_1_38' title='bbox 602 771 824 828; x_wconf 63' lang='lat' dir='ltr'>gradiens</span> <span class='ocrx_word' id='word_1_39' title='bbox 844 772 907 816; x_wconf 88' lang='lat' dir='ltr'>ad</span> <span class='ocrx_word' id='word_1_40' title='bbox 929 771 1142 829; x_wconf 87' lang='lat' dir='ltr'>aperien-</span> 
     </span>
     <span class='ocr_line' id='line_1_10' title="bbox 432 830 1141 882; baseline -0.003 -7"><span class='ocrx_word' id='word_1_41' title='bbox 432 831 563 882; x_wconf 90' lang='lat' dir='ltr'>dum,</span> <span class='ocrx_word' id='word_1_42' title='bbox 590 839 637 875; x_wconf 91' lang='lat' dir='ltr'>et</span> <span class='ocrx_word' id='word_1_43' title='bbox 659 843 758 874; x_wconf 90' lang='lat' dir='ltr'>non</span> <span class='ocrx_word' id='word_1_44' title='bbox 790 830 1042 875; x_wconf 76' lang='lat' dir='ltr'><strong>interficiet</strong></span> <span class='ocrx_word' id='word_1_45' title='bbox 1064 843 1141 874; x_wconf 90' lang='lat' dir='ltr'>us-</span> 
     </span>
     <span class='ocr_line' id='line_1_11' title="bbox 430 889 1140 947; baseline -0.001 -13"><span class='ocrx_word' id='word_1_46' title='bbox 430 903 525 947; x_wconf 89' lang='lat' dir='ltr'>que</span> <span class='ocrx_word' id='word_1_47' title='bbox 545 890 609 934; x_wconf 90' lang='lat' dir='ltr'>ad</span> <span class='ocrx_word' id='word_1_48' title='bbox 632 889 1021 940; x_wconf 88' lang='lat' dir='ltr'>internecionem,</span> <span class='ocrx_word' id='word_1_49' title='bbox 1051 902 1140 933; x_wconf 91' lang='lat' dir='ltr'>nec</span> 
     </span>
     <span class='ocr_line' id='line_1_12' title="bbox 431 948 1140 1007; baseline -0.001 -14"><span class='ocrx_word' id='word_1_50' title='bbox 431 948 621 994; x_wconf 82' lang='lat' dir='ltr'>deficiet</span> <span class='ocrx_word' id='word_1_51' title='bbox 633 949 773 1007; x_wconf 87' lang='lat' dir='ltr'>panis</span> <span class='ocrx_word' id='word_1_52' title='bbox 789 950 907 1006; x_wconf 78' lang='lat' dir='ltr'>ejus.</span> <span class='ocrx_word' id='word_1_53' title='bbox 936 949 1045 1006; x_wconf 87' lang='lat' dir='ltr'>Ego</span> <span class='ocrx_word' id='word_1_54' title='bbox 1057 962 1140 993; x_wconf 90' lang='lat' dir='ltr'>au-</span> 
     </span>
     <span class='ocr_line' id='line_1_13' title="bbox 434 1007 1140 1054; baseline -0.001 -1"><span class='ocrx_word' id='word_1_55' title='bbox 434 1017 532 1054; x_wconf 89' lang='lat' dir='ltr'>tem</span> <span class='ocrx_word' id='word_1_56' title='bbox 573 1022 680 1053; x_wconf 90' lang='lat' dir='ltr'>sum</span> <span class='ocrx_word' id='word_1_57' title='bbox 722 1008 960 1054; x_wconf 88' lang='lat' dir='ltr'>Dominus</span> <span class='ocrx_word' id='word_1_58' title='bbox 1009 1007 1140 1053; x_wconf 91' lang='lat' dir='ltr'>Deus</span> 
     </span>
     <span class='ocr_line' id='line_1_14' title="bbox 433 1076 559 1114; baseline 0.016 -2"><span class='ocrx_word' id='word_1_59' title='bbox 433 1076 559 1114; x_wconf 83' lang='lat' dir='ltr'>tuus.</span> 
     </span>
    </p>

    <p class='ocr_par' dir='ltr' id='par_1_6' title="bbox 426 1127 1142 1716">
     <span class='ocr_line' id='line_1_15' title="bbox 496 1127 1141 1188; baseline 0 -16"><span class='ocrx_word' id='word_1_60' title='bbox 496 1132 568 1188; x_wconf 64' lang='lat' dir='ltr'>Ry.</span> <span class='ocrx_word' id='word_1_61' title='bbox 596 1127 744 1181; x_wconf 91' lang='lat' dir='ltr'>Deus,</span> <span class='ocrx_word' id='word_1_62' title='bbox 781 1127 864 1185; x_wconf 90' lang='lat' dir='ltr'>qui</span> <span class='ocrx_word' id='word_1_63' title='bbox 896 1128 1033 1173; x_wconf 92' lang='lat' dir='ltr'>sedes</span> <span class='ocrx_word' id='word_1_64' title='bbox 1064 1139 1141 1172; x_wconf 90' lang='lat' dir='ltr'>su-</span> 
     </span>
     <span class='ocr_line' id='line_1_16' title="bbox 434 1186 1140 1244; baseline 0 -13"><span class='ocrx_word' id='word_1_65' title='bbox 434 1200 519 1244; x_wconf 89' lang='lat' dir='ltr'>per</span> <span class='ocrx_word' id='word_1_66' title='bbox 569 1187 810 1239; x_wconf 87' lang='lat' dir='ltr'>thronum,</span> <span class='ocrx_word' id='word_1_67' title='bbox 857 1193 904 1232; x_wconf 92' lang='lat' dir='ltr'>et</span> <span class='ocrx_word' id='word_1_68' title='bbox 952 1186 1140 1244; x_wconf 76' lang='lat' dir='ltr'>judicas</span> 
     </span>
     <span class='ocr_line' id='line_1_17' title="bbox 431 1245 1140 1303; baseline 0.003 -14"><span class='ocrx_word' id='word_1_69' title='bbox 431 1246 736 1302; x_wconf 77' lang='lat' dir='ltr'>aequitatem,</span> <span class='ocrx_word' id='word_1_70' title='bbox 764 1254 867 1291; x_wconf 87' lang='lat' dir='ltr'>esto</span> <span class='ocrx_word' id='word_1_71' title='bbox 903 1245 1140 1303; x_wconf 74' lang='lat' dir='ltr'>refugium</span> 
     </span>
     <span class='ocr_line' id='line_1_18' title="bbox 429 1303 1139 1361; baseline 0.006 -13"><span class='ocrx_word' id='word_1_72' title='bbox 429 1304 696 1361; x_wconf 73' lang='lat' dir='ltr'>pauperum</span> <span class='ocrx_word' id='word_1_73' title='bbox 717 1305 766 1347; x_wconf 90' lang='lat' dir='ltr'>in</span> <span class='ocrx_word' id='word_1_74' title='bbox 789 1303 1139 1352; x_wconf 76' lang='lat' dir='ltr'>tribulatione.⁴‘·</span> 
     </span>
     <span class='ocr_line' id='line_1_19' title="bbox 430 1362 1138 1417; baseline 0.004 -10"><span class='ocrx_word' id='word_1_75' title='bbox 430 1362 558 1417; x_wconf 87' lang='lat' dir='ltr'><strong>Quia</strong></span> <span class='ocrx_word' id='word_1_76' title='bbox 589 1370 640 1406; x_wconf 90' lang='lat' dir='ltr'>tu</span> <span class='ocrx_word' id='word_1_77' title='bbox 671 1363 802 1408; x_wconf 88' lang='lat' dir='ltr'>solus</span> <span class='ocrx_word' id='word_1_78' title='bbox 833 1362 1061 1415; x_wconf 88' lang='lat' dir='ltr'>laborem,</span> <span class='ocrx_word' id='word_1_79' title='bbox 1091 1372 1138 1410; x_wconf 90' lang='lat' dir='ltr'>et</span> 
     </span>
     <span class='ocr_line' id='line_1_20' title="bbox 430 1420 1130 1488; baseline 0.003 -23"><span class='ocrx_word' id='word_1_80' title='bbox 430 1420 645 1466; x_wconf 89' lang='lat' dir='ltr'>dolorem</span> <span class='ocrx_word' id='word_1_81' title='bbox 710 1420 999 1467; x_wconf 69' lang='lat' dir='ltr'>consideras,</span> <span class='ocrx_word' id='word_1_82' title='bbox 1064 1428 1130 1488; x_wconf 50' lang='lat' dir='ltr'>W,</span> 
     </span>
     <span class='ocr_line' id='line_1_21' title="bbox 430 1480 1139 1527; baseline 0.003 -2"><span class='ocrx_word' id='word_1_83' title='bbox 430 1480 542 1525; x_wconf 90' lang='lat' dir='ltr'>Tibi</span> <span class='ocrx_word' id='word_1_84' title='bbox 582 1482 709 1526; x_wconf 88' lang='lat' dir='ltr'>enim</span> <span class='ocrx_word' id='word_1_85' title='bbox 760 1480 1016 1527; x_wconf 71' lang='lat' dir='ltr'>derelictus</span> <span class='ocrx_word' id='word_1_86' title='bbox 1067 1490 1139 1527; x_wconf 90' lang='lat' dir='ltr'>est</span> 
     </span>
     <span class='ocr_line' id='line_1_22' title="bbox 431 1538 1140 1599; baseline 0 -14"><span class='ocrx_word' id='word_1_87' title='bbox 431 1553 625 1599; x_wconf 85' lang='lat' dir='ltr'>pauper,</span> <span class='ocrx_word' id='word_1_88' title='bbox 653 1540 836 1599; x_wconf 87' lang='lat' dir='ltr'>pupillo</span> <span class='ocrx_word' id='word_1_89' title='bbox 857 1548 910 1586; x_wconf 90' lang='lat' dir='ltr'>tu</span> <span class='ocrx_word' id='word_1_90' title='bbox 936 1541 1029 1587; x_wconf 90' lang='lat' dir='ltr'>eris</span> <span class='ocrx_word' id='word_1_91' title='bbox 1057 1538 1140 1586; x_wconf 89' lang='lat' dir='ltr'>ad-</span> 
     </span>
     <span class='ocr_line' id='line_1_23' title="bbox 426 1599 1142 1657; baseline 0.001 -13"><span class='ocrx_word' id='word_1_92' title='bbox 426 1599 639 1657; x_wconf 77' lang='lat' dir='ltr'>jutor.—</span> <span class='ocrx_word' id='word_1_93' title='bbox 658 1600 787 1655; x_wconf 88' lang='lat' dir='ltr'><strong>Quia</strong></span> <span class='ocrx_word' id='word_1_94' title='bbox 825 1608 892 1646; x_wconf 86' lang='lat' dir='ltr'>tu.</span> <span class='ocrx_word' id='word_1_95' title='bbox 970 1600 1142 1648; x_wconf 88' lang='lat' dir='ltr'>Gloria</span> 
     </span>
     <span class='ocr_line' id='line_1_24' title="bbox 436 1658 859 1716; baseline 0.005 -11"><span class='ocrx_word' id='word_1_96' title='bbox 436 1658 579 1707; x_wconf 87' lang='lat' dir='ltr'>Patri.</span> <span class='ocrx_word' id='word_1_97' title='bbox 644 1660 772 1716; x_wconf 83' lang='lat' dir='ltr'>Quia</span> <span class='ocrx_word' id='word_1_98' title='bbox 792 1668 859 1707; x_wconf 91' lang='lat' dir='ltr'>tu.</span> 
     </span>
    </p>
   </div>
   <div class='ocr_carea' id='block_1_6' title="bbox 493 1747 1070 1796">
    <p class='ocr_par' dir='ltr' id='par_1_7' title="bbox 493 1747 1070 1796">
     <span class='ocr_line' id='line_1_25' title="bbox 493 1747 1070 1796; baseline 0.01 -6"><span class='ocrx_word' id='word_1_99' title='bbox 493 1748 546 1791; x_wconf 88' lang='lat' dir='ltr'>In</span> <span class='ocrx_word' id='word_1_100' title='bbox 571 1748 781 1796; x_wconf 86' lang='lat' dir='ltr'>secundo</span> <span class='ocrx_word' id='word_1_101' title='bbox 804 1747 1070 1796; x_wconf 75' lang='lat' dir='ltr'>NooturnO.</span> 
     </span>
    </p>
   </div>
   <div class='ocr_carea' id='block_1_7' title="bbox 432 1819 1140 2754">
    <p class='ocr_par' dir='ltr' id='par_1_8' title="bbox 432 1819 1140 2044">
     <span class='ocr_line' id='line_1_26' title="bbox 488 1819 1140 1879; baseline -0.006 -10"><span class='ocrx_word' id='word_1_102' title='bbox 488 1826 611 1872; x_wconf 69' lang='lat' dir='ltr'>Asia.</span> <span class='ocrx_word' id='word_1_103' title='bbox 651 1819 957 1879; x_wconf 87' lang='lat' dir='ltr'>Suscepimus</span> <span class='ocrx_word' id='word_1_104' title='bbox 1006 1821 1140 1866; x_wconf 90' lang='lat' dir='ltr'>Deus</span> 
     </span>
     <span class='ocr_line' id='line_1_27' title="bbox 434 1879 1140 1926; baseline 0 -2"><span class='ocrx_word' id='word_1_105' title='bbox 434 1879 806 1926; x_wconf 88' lang='lat' dir='ltr'>misericordiam</span> <span class='ocrx_word' id='word_1_106' title='bbox 829 1888 962 1926; x_wconf 89' lang='lat' dir='ltr'>tuam</span> <span class='ocrx_word' id='word_1_107' title='bbox 976 1880 1024 1924; x_wconf 93' lang='lat' dir='ltr'>in</span> <span class='ocrx_word' id='word_1_108' title='bbox 1045 1880 1140 1925; x_wconf 92' lang='lat' dir='ltr'>me·</span> 
     </span>
     <span class='ocr_line' id='line_1_28' title="bbox 432 1940 1140 1999; baseline 0.014 -16"><span class='ocrx_word' id='word_1_109' title='bbox 432 1940 515 1984; x_wconf 93' lang='lat' dir='ltr'>dio</span> <span class='ocrx_word' id='word_1_110' title='bbox 531 1940 695 1996; x_wconf 82' lang='lat' dir='ltr'>templi</span> <span class='ocrx_word' id='word_1_111' title='bbox 709 1940 792 1986; x_wconf 90' lang='lat' dir='ltr'>tui.</span> <span class='ocrx_word' id='word_1_112' title='bbox 842 1944 1013 1999; x_wconf 78' lang='lat' dir='ltr'>Psalm.</span> <span class='ocrx_word' id='word_1_113' title='bbox 1047 1940 1140 1984; x_wconf 72' lang='lat' dir='ltr'>EX·</span> 
     </span>
     <span class='ocr_line' id='line_1_29' title="bbox 432 1998 1034 2044; baseline 0.003 -2"><span class='ocrx_word' id='word_1_114' title='bbox 432 1998 595 2043; x_wconf 69' lang='lat' dir='ltr'>audiat</span> <span class='ocrx_word' id='word_1_115' title='bbox 617 2007 664 2043; x_wconf 88' lang='lat' dir='ltr'>te</span> <span class='ocrx_word' id='word_1_116' title='bbox 688 1999 938 2044; x_wconf 90' lang='lat' dir='ltr'>Dominus.</span> <span class='ocrx_word' id='word_1_117' title='bbox 964 1999 1034 2044; x_wconf 88' lang='lat'>16.</span> 
     </span>
    </p>

    <p class='ocr_par' dir='ltr' id='par_1_9' title="bbox 432 2056 1140 2292">
     <span class='ocr_line' id='line_1_30' title="bbox 487 2056 1140 2114; baseline -0.005 -9"><span class='ocrx_word' id='word_1_118' title='bbox 487 2061 608 2106; x_wconf 81' lang='lat' dir='ltr'>Afia.</span> <span class='ocrx_word' id='word_1_119' title='bbox 650 2056 727 2102; x_wconf 91' lang='lat' dir='ltr'>Tu</span> <span class='ocrx_word' id='word_1_120' title='bbox 777 2071 829 2103; x_wconf 88' lang='lat' dir='ltr'>es</span> <span class='ocrx_word' id='word_1_121' title='bbox 879 2058 981 2114; x_wconf 91' lang='lat' dir='ltr'>ipse</span> <span class='ocrx_word' id='word_1_122' title='bbox 1039 2058 1140 2103; x_wconf 87' lang='lat' dir='ltr'>Rex</span> 
     </span>
     <span class='ocr_line' id='line_1_31' title="bbox 432 2115 1139 2172; baseline 0.003 -12"><span class='ocrx_word' id='word_1_123' title='bbox 432 2129 580 2168; x_wconf 89' lang='lat' dir='ltr'>meus,</span> <span class='ocrx_word' id='word_1_124' title='bbox 616 2117 698 2172; x_wconf 91' lang='lat' dir='ltr'>qui</span> <span class='ocrx_word' id='word_1_125' title='bbox 730 2117 929 2160; x_wconf 86' lang='lat' dir='ltr'>mandas</span> <span class='ocrx_word' id='word_1_126' title='bbox 960 2115 1139 2162; x_wconf 74' lang='lat' dir='ltr'>salutes</span> 
     </span>
     <span class='ocr_line' id='line_1_32' title="bbox 432 2174 1137 2236; baseline 0.001 -16"><span class='ocrx_word' id='word_1_127' title='bbox 432 2175 659 2236; x_wconf 87' lang='lat' dir='ltr'>inJacob.</span> <span class='ocrx_word' id='word_1_128' title='bbox 682 2177 909 2226; x_wconf 71' lang='lat' dir='ltr'>psalmus,</span> <span class='ocrx_word' id='word_1_129' title='bbox 940 2174 1137 2221; x_wconf 88' lang='lat' dir='ltr'>Domini</span> 
     </span>
     <span class='ocr_line' id='line_1_33' title="bbox 433 2242 758 2292; baseline -0.003 -13"><span class='ocrx_word' id='word_1_130' title='bbox 433 2242 506 2280; x_wconf 87' lang='lat' dir='ltr'>est</span> <span class='ocrx_word' id='word_1_131' title='bbox 527 2242 662 2279; x_wconf 87' lang='lat' dir='ltr'>terra.</span> <span class='ocrx_word' id='word_1_132' title='bbox 686 2247 758 2292; x_wconf 86' lang='lat'>32.</span> 
     </span>
    </p>

    <p class='ocr_par' dir='ltr' id='par_1_10' title="bbox 432 2292 1137 2528">
     <span class='ocr_line' id='line_1_34' title="bbox 485 2292 1137 2344; baseline -0.002 -6"><span class='ocrx_word' id='word_1_133' title='bbox 485 2299 604 2344; x_wconf 71' lang='lat' dir='ltr'>Afia,</span> <span class='ocrx_word' id='word_1_134' title='bbox 642 2293 846 2338; x_wconf 89' lang='lat' dir='ltr'>Immola</span> <span class='ocrx_word' id='word_1_135' title='bbox 866 2292 973 2338; x_wconf 93' lang='lat' dir='ltr'>Deo</span> <span class='ocrx_word' id='word_1_136' title='bbox 995 2293 1137 2338; x_wconf 88' lang='lat' dir='ltr'>sacri-</span> 
     </span>
     <span class='ocr_line' id='line_1_35' title="bbox 432 2352 1137 2406; baseline -0.001 -9"><span class='ocrx_word' id='word_1_137' title='bbox 432 2352 597 2397; x_wconf 77' lang='lat' dir='ltr'><strong>ficium</strong></span> <span class='ocrx_word' id='word_1_138' title='bbox 617 2353 784 2406; x_wconf 90' lang='lat' dir='ltr'>laudis,</span> <span class='ocrx_word' id='word_1_139' title='bbox 811 2360 859 2398; x_wconf 92' lang='lat' dir='ltr'>et</span> <span class='ocrx_word' id='word_1_140' title='bbox 888 2353 1036 2398; x_wconf 86' lang='lat' dir='ltr'>redde</span> <span class='ocrx_word' id='word_1_141' title='bbox 1055 2353 1137 2397; x_wconf 90' lang='lat' dir='ltr'>Al-</span> 
     </span>
     <span class='ocr_line' id='line_1_36' title="bbox 434 2413 1124 2465; baseline -0.003 -7"><span class='ocrx_word' id='word_1_142' title='bbox 434 2413 619 2458; x_wconf 85' lang='lat' dir='ltr'>tissimo</span> <span class='ocrx_word' id='word_1_143' title='bbox 639 2421 751 2458; x_wconf 88' lang='lat' dir='ltr'>vota</span> <span class='ocrx_word' id='word_1_144' title='bbox 768 2421 866 2457; x_wconf 90' lang='lat' dir='ltr'>tua.</span> <span class='ocrx_word' id='word_1_145' title='bbox 894 2417 1124 2465; x_wconf 74' lang='lat' dir='ltr'>Psalmus,</span> 
     </span>
     <span class='ocr_line' id='line_1_37' title="bbox 436 2470 1111 2528; baseline 0 -12"><span class='ocrx_word' id='word_1_146' title='bbox 436 2472 567 2517; x_wconf 92' lang='lat' dir='ltr'>Deus</span> <span class='ocrx_word' id='word_1_147' title='bbox 588 2480 749 2517; x_wconf 89' lang='lat' dir='ltr'>noster</span> <span class='ocrx_word' id='word_1_148' title='bbox 769 2470 1017 2528; x_wconf 74' lang='lat' dir='ltr'>refugium.</span> <span class='ocrx_word' id='word_1_149' title='bbox 1039 2485 1111 2528; x_wconf 91' lang='lat'>70.</span> 
     </span>
    </p>

    <p class='ocr_par' dir='ltr' id='par_1_11' title="bbox 433 2530 1138 2754">
     <span class='ocr_line' id='line_1_38' title="bbox 485 2530 1136 2600; baseline -0.002 -23"><span class='ocrx_word' id='word_1_150' title='bbox 485 2534 543 2600; x_wconf 59' lang='grc' dir='ltr'>ξι.</span> <span class='ocrx_word' id='word_1_151' title='bbox 584 2531 831 2577; x_wconf 88' lang='lat' dir='ltr'>Memento</span> <span class='ocrx_word' id='word_1_152' title='bbox 854 2531 1014 2592; x_wconf 82' lang='lat' dir='ltr'>nostri,</span> <span class='ocrx_word' id='word_1_153' title='bbox 1040 2530 1136 2576; x_wconf 94' lang='lat' dir='ltr'>Do-</span> 
     </span>
     <span class='ocr_line' id='line_1_39' title="bbox 433 2589 1134 2647; baseline -0.003 -12"><span class='ocrx_word' id='word_1_154' title='bbox 433 2604 573 2642; x_wconf 76' lang='lat' dir='ltr'>mine,</span> <span class='ocrx_word' id='word_1_155' title='bbox 590 2591 637 2634; x_wconf 91' lang='lat' dir='ltr'>in</span> <span class='ocrx_word' id='word_1_156' title='bbox 652 2589 950 2647; x_wconf 67' lang='lat' dir='ltr'>beneplecito</span> <span class='ocrx_word' id='word_1_157' title='bbox 970 2589 1134 2647; x_wconf 82' lang='lat' dir='ltr'>populi</span> 
     </span>
     <span class='ocr_line' id='line_1_40' title="bbox 433 2648 1138 2707; baseline -0.004 -11"><span class='ocrx_word' id='word_1_158' title='bbox 433 2651 515 2696; x_wconf 87' lang='lat' dir='ltr'>tui.</span> <span class='ocrx_word' id='word_1_159' title='bbox 543 2653 614 2707; x_wconf 78' lang='lat' dir='ltr'>R7.</span> <span class='ocrx_word' id='word_1_160' title='bbox 654 2648 805 2694; x_wconf 84' lang='lat' dir='ltr'>Visita</span> <span class='ocrx_word' id='word_1_161' title='bbox 832 2662 921 2694; x_wconf 91' lang='lat' dir='ltr'>nos</span> <span class='ocrx_word' id='word_1_162' title='bbox 942 2649 991 2693; x_wconf 89' lang='lat' dir='ltr'>in</span> <span class='ocrx_word' id='word_1_163' title='bbox 1012 2648 1138 2693; x_wconf 78' lang='lat' dir='ltr'>saiu-</span> 
     </span>
     <span class='ocr_line' id='line_1_41' title="bbox 434 2709 646 2754; baseline -0.009 0"><span class='ocrx_word' id='word_1_164' title='bbox 434 2709 521 2754; x_wconf 69' lang='lat' dir='ltr'>teri</span> <span class='ocrx_word' id='word_1_165' title='bbox 545 2717 646 2754; x_wconf 87' lang='lat' dir='ltr'>tuo.</span> 
     </span>
    </p>
   </div>
   <div class='ocr_carea' id='block_1_8' title="bbox 468 2784 1100 2946">
    <p class='ocr_par' dir='ltr' id='par_1_12' title="bbox 468 2784 1100 2946">
     <span class='ocr_line' id='line_1_42' title="bbox 468 2784 1100 2841; baseline 0.002 -13"><span class='ocrx_word' id='word_1_166' title='bbox 468 2785 635 2828; x_wconf 88' lang='lat' dir='ltr'>Sermo</span> <span class='ocrx_word' id='word_1_167' title='bbox 657 2784 704 2828; x_wconf 91' lang='lat' dir='ltr'>S.</span> <span class='ocrx_word' id='word_1_168' title='bbox 726 2784 901 2830; x_wconf 79' lang='lat' dir='ltr'>Leonis</span> <span class='ocrx_word' id='word_1_169' title='bbox 925 2785 1100 2841; x_wconf 85' lang='lat' dir='ltr'>Papae.</span> 
     </span>
     <span class='ocr_line' id='line_1_43' title="bbox 496 2842 1060 2900; baseline 0.007 -16"><span class='ocrx_word' id='word_1_170' title='bbox 496 2842 649 2886; x_wconf 84' lang='lat' dir='ltr'>Serm.</span> <span class='ocrx_word' id='word_1_171' title='bbox 680 2857 719 2888; x_wconf 88' lang='lat'>1.</span> <span class='ocrx_word' id='word_1_172' title='bbox 745 2843 801 2887; x_wconf 83' lang='lat' dir='ltr'>de</span> <span class='ocrx_word' id='word_1_173' title='bbox 807 2843 998 2900; x_wconf 83' lang='lat' dir='ltr'>jejunio</span> <span class='ocrx_word' id='word_1_174' title='bbox 1017 2857 1060 2888; x_wconf 83' lang='grc' dir='ltr'>κ.</span> 
     </span>
     <span class='ocr_line' id='line_1_44' title="bbox 543 2901 1011 2946; baseline 0.009 -4"><span class='ocrx_word' id='word_1_175' title='bbox 543 2902 716 2945; x_wconf 84' lang='lat' dir='ltr'>mensis</span> <span class='ocrx_word' id='word_1_176' title='bbox 734 2905 782 2946; x_wconf 83' lang='lat' dir='ltr'>et</span> <span class='ocrx_word' id='word_1_177' title='bbox 798 2901 1011 2946; x_wconf 62' lang='lat' dir='ltr'>colledis.</span> 
     </span>
    </p>
   </div>
   <div class='ocr_carea' id='block_1_9' title="bbox 355 2989 1913 3042">
    <p class='ocr_par' dir='ltr' id='par_1_13' title="bbox 355 2989 1913 3042">
     <span class='ocr_line' id='line_1_45' title="bbox 355 2989 1913 3042; baseline 0 350"><span class='ocrx_word' id='word_1_178' title='bbox 355 2989 1913 3042; x_wconf 95' lang='lat' dir='ltr'> </span> 
     </span>
    </p>
   </div>
   <div class='ocr_carea' id='block_1_10' title="bbox 1204 434 1933 2342">
    <p class='ocr_par' dir='ltr' id='par_1_14' title="bbox 1445 434 1725 486">
     <span class='ocr_line' id='line_1_46' title="bbox 1445 434 1725 486; baseline 0.018 -6"><span class='ocrx_word' id='word_1_179' title='bbox 1445 434 1628 482; x_wconf 72' lang='lat' dir='ltr'>Leotio</span> <span class='ocrx_word' id='word_1_180' title='bbox 1657 436 1725 486; x_wconf 77' lang='lat' dir='ltr'>iv,</span> 
     </span>
    </p>

    <p class='ocr_par' dir='ltr' id='par_1_15' title="bbox 1206 502 1933 1334">
     <span class='ocr_line' id='line_1_47' title="bbox 1215 502 1933 621; baseline 0.01 -78"><span class='ocrx_word' id='word_1_181' title='bbox 1215 529 1219 571; x_wconf 47' lang='lat' dir='ltr'><strong>f</strong></span> <span class='ocrx_word' id='word_1_182' title='bbox 1263 527 1428 603; x_wconf 32' lang='lat' dir='ltr'>&amp;Nx</span> <span class='ocrx_word' id='word_1_183' title='bbox 1454 503 1466 545; x_wconf 91' lang='grc' dir='ltr'>Ι</span> <span class='ocrx_word' id='word_1_184' title='bbox 1479 502 1933 621; x_wconf 49' lang='lat' dir='ltr'>gffilitegigilleeetg</span> 
     </span>
     <span class='ocr_line' id='line_1_48' title="bbox 1235 621 1933 680; baseline 0.003 -18"><span class='ocrx_word' id='word_1_185' title='bbox 1235 674 1237 680; x_wconf 33' lang='grc' dir='ltr'>Ι</span> <span class='ocrx_word' id='word_1_186' title='bbox 1476 621 1682 678; x_wconf 79' lang='lat' dir='ltr'>pienter</span> <span class='ocrx_word' id='word_1_187' title='bbox 1692 623 1933 668; x_wconf 53' lang='lat' dir='ltr'>creationis</span> 
     </span>
     <span class='ocr_line' id='line_1_49' title="bbox 1213 682 1931 739; baseline 0.004 -17"><span class='ocrx_word' id='word_1_188' title='bbox 1213 706 1316 724; x_wconf 39' lang='lat' dir='ltr'>-s</span> <span class='ocrx_word' id='word_1_189' title='bbox 1335 694 1430 722; x_wconf 72' lang='grc'>.--.·;</span> <span class='ocrx_word' id='word_1_190' title='bbox 1476 689 1692 727; x_wconf 84' lang='lat' dir='ltr'>nostrae</span> <span class='ocrx_word' id='word_1_191' title='bbox 1717 682 1931 739; x_wconf 58' lang='lat' dir='ltr'>intelligu-</span> 
     </span>
     <span class='ocr_line' id='line_1_50' title="bbox 1209 740 1929 792; baseline 0.01 -13"><span class='ocrx_word' id='word_1_192' title='bbox 1209 752 1313 782; x_wconf 80' lang='lat' dir='ltr'>mus</span> <span class='ocrx_word' id='word_1_193' title='bbox 1339 740 1612 792; x_wconf 68' lang='lat' dir='ltr'>exordium,</span> <span class='ocrx_word' id='word_1_194' title='bbox 1642 742 1929 787; x_wconf 76' lang='lat' dir='ltr'>inveniemus</span> 
     </span>
     <span class='ocr_line' id='line_1_51' title="bbox 1207 798 1926 859; baseline 0.006 -19"><span class='ocrx_word' id='word_1_195' title='bbox 1207 798 1453 842; x_wconf 91' lang='lat' dir='ltr'>hominem</span> <span class='ocrx_word' id='word_1_196' title='bbox 1468 798 1586 844; x_wconf 87' lang='lat' dir='ltr'>ideo</span> <span class='ocrx_word' id='word_1_197' title='bbox 1601 802 1673 845; x_wconf 89' lang='lat' dir='ltr'>ad</span> <span class='ocrx_word' id='word_1_198' title='bbox 1686 802 1926 859; x_wconf 65' lang='lat' dir='ltr'>imeginem</span> 
     </span>
     <span class='ocr_line' id='line_1_52' title="bbox 1209 854 1928 910; baseline 0.003 -11"><span class='ocrx_word' id='word_1_199' title='bbox 1209 854 1301 900; x_wconf 91' lang='lat' dir='ltr'>Dei</span> <span class='ocrx_word' id='word_1_200' title='bbox 1324 857 1601 910; x_wconf 87' lang='lat' dir='ltr'>conditum,</span> <span class='ocrx_word' id='word_1_201' title='bbox 1639 868 1705 905; x_wconf 89' lang='lat' dir='ltr'>ut</span> <span class='ocrx_word' id='word_1_202' title='bbox 1740 861 1928 905; x_wconf 54' lang='lat' dir='ltr'>imitator</span> 
     </span>
     <span class='ocr_line' id='line_1_53' title="bbox 1208 915 1923 966; baseline 0.007 -8"><span class='ocrx_word' id='word_1_203' title='bbox 1208 915 1282 960; x_wconf 88' lang='lat' dir='ltr'>sui</span> <span class='ocrx_word' id='word_1_204' title='bbox 1302 924 1428 961; x_wconf 89' lang='lat' dir='ltr'>esset</span> <span class='ocrx_word' id='word_1_205' title='bbox 1450 918 1680 964; x_wconf 69' lang='lat' dir='ltr'>auotoris</span> <span class='ocrx_word' id='word_1_206' title='bbox 1703 934 1715 965; x_wconf 91' lang='lat'>:</span> <span class='ocrx_word' id='word_1_207' title='bbox 1742 929 1793 966; x_wconf 93' lang='lat' dir='ltr'>et</span> <span class='ocrx_word' id='word_1_208' title='bbox 1825 921 1923 964; x_wconf 85' lang='lat' dir='ltr'>hanc</span> 
     </span>
     <span class='ocr_line' id='line_1_54' title="bbox 1207 976 1921 1037; baseline 0.006 -19"><span class='ocrx_word' id='word_1_209' title='bbox 1207 987 1311 1019; x_wconf 87' lang='lat' dir='ltr'>esse</span> <span class='ocrx_word' id='word_1_210' title='bbox 1333 976 1612 1022; x_wconf 71' lang='lat' dir='ltr'>naturalem</span> <span class='ocrx_word' id='word_1_211' title='bbox 1630 980 1794 1024; x_wconf 83' lang='lat' dir='ltr'>nostri</span> <span class='ocrx_word' id='word_1_212' title='bbox 1809 979 1921 1037; x_wconf 75' lang='lat' dir='ltr'>gene·</span> 
     </span>
     <span class='ocr_line' id='line_1_55' title="bbox 1206 1032 1920 1091; baseline 0.006 -14"><span class='ocrx_word' id='word_1_213' title='bbox 1206 1032 1271 1077; x_wconf 90' lang='lat' dir='ltr'>ris</span> <span class='ocrx_word' id='word_1_214' title='bbox 1293 1035 1606 1091; x_wconf 76' lang='lat' dir='ltr'>dignitatem,</span> <span class='ocrx_word' id='word_1_215' title='bbox 1643 1039 1689 1083; x_wconf 88' lang='lat' dir='ltr'>si</span> <span class='ocrx_word' id='word_1_216' title='bbox 1725 1040 1779 1083; x_wconf 88' lang='lat' dir='ltr'>in</span> <span class='ocrx_word' id='word_1_217' title='bbox 1809 1038 1920 1083; x_wconf 79' lang='lat' dir='ltr'>nobis</span> 
     </span>
     <span class='ocr_line' id='line_1_56' title="bbox 1207 1094 1912 1155; baseline 0.009 -17"><span class='ocrx_word' id='word_1_218' title='bbox 1207 1094 1345 1149; x_wconf 85' lang='lat' dir='ltr'>quasi</span> <span class='ocrx_word' id='word_1_219' title='bbox 1376 1095 1428 1139; x_wconf 91' lang='lat' dir='ltr'>in</span> <span class='ocrx_word' id='word_1_220' title='bbox 1460 1098 1695 1153; x_wconf 88' lang='lat' dir='ltr'>quodam</span> <span class='ocrx_word' id='word_1_221' title='bbox 1729 1097 1912 1155; x_wconf 64' lang='lat' dir='ltr'>speculo,</span> 
     </span>
     <span class='ocr_line' id='line_1_57' title="bbox 1208 1153 1915 1213; baseline 0.006 -17"><span class='ocrx_word' id='word_1_222' title='bbox 1208 1153 1398 1198; x_wconf 81' lang='lat' dir='ltr'>divinae</span> <span class='ocrx_word' id='word_1_223' title='bbox 1429 1154 1764 1213; x_wconf 73' lang='lat' dir='ltr'>benignitatis</span> <span class='ocrx_word' id='word_1_224' title='bbox 1792 1158 1915 1202; x_wconf 79' lang='lat' dir='ltr'>form³</span> 
     </span>
     <span class='ocr_line' id='line_1_58' title="bbox 1207 1213 1914 1273; baseline 0.006 -17"><span class='ocrx_word' id='word_1_225' title='bbox 1207 1213 1527 1269; x_wconf 77' lang='lat' dir='ltr'>resplendeat.</span> <span class='ocrx_word' id='word_1_226' title='bbox 1567 1216 1653 1260; x_wconf 86' lang='lat' dir='ltr'>Ad</span> <span class='ocrx_word' id='word_1_227' title='bbox 1661 1230 1815 1273; x_wconf 90' lang='lat' dir='ltr'>quam</span> <span class='ocrx_word' id='word_1_228' title='bbox 1824 1229 1914 1273; x_wconf 89' lang='lat' dir='ltr'>quo-</span> 
     </span>
     <span class='ocr_line' id='line_1_59' title="bbox 1208 1271 1910 1334; baseline 0.006 -19"><span class='ocrx_word' id='word_1_229' title='bbox 1208 1271 1325 1317; x_wconf 84' lang='lat' dir='ltr'>tidie</span> <span class='ocrx_word' id='word_1_230' title='bbox 1375 1286 1468 1318; x_wconf 90' lang='lat' dir='ltr'>nos</span> <span class='ocrx_word' id='word_1_231' title='bbox 1518 1272 1701 1333; x_wconf 71' lang='lat' dir='ltr'>titique</span> <span class='ocrx_word' id='word_1_232' title='bbox 1754 1276 1910 1334; x_wconf 82' lang='lat' dir='ltr'>reparat</span> 
     </span>
    </p>

    <p class='ocr_par' dir='ltr' id='par_1_16' title="bbox 1207 1330 1908 1392">
     <span class='ocr_line' id='line_1_60' title="bbox 1207 1330 1908 1392; baseline 0.004 -17"><span class='ocrx_word' id='word_1_233' title='bbox 1207 1330 1362 1388; x_wconf 71' lang='lat' dir='ltr'>gratia</span> <span class='ocrx_word' id='word_1_234' title='bbox 1370 1332 1656 1386; x_wconf 85' lang='lat' dir='ltr'>Salvatoris.</span> <span class='ocrx_word' id='word_1_235' title='bbox 1673 1336 1798 1380; x_wconf 90' lang='lat' dir='ltr'>dum</span> <span class='ocrx_word' id='word_1_236' title='bbox 1806 1334 1908 1392; x_wconf 87' lang='lat' dir='ltr'>quod</span> 
     </span>
    </p>

    <p class='ocr_par' dir='ltr' id='par_1_17' title="bbox 1209 1390 1909 1452">
     <span class='ocr_line' id='line_1_61' title="bbox 1209 1390 1909 1452; baseline 0.004 -18"><span class='ocrx_word' id='word_1_237' title='bbox 1209 1390 1379 1436; x_wconf 83' lang='lat' dir='ltr'>cecidit</span> <span class='ocrx_word' id='word_1_238' title='bbox 1401 1392 1452 1436; x_wconf 91' lang='lat' dir='ltr'>in</span> <span class='ocrx_word' id='word_1_239' title='bbox 1470 1392 1639 1438; x_wconf 87' lang='lat' dir='ltr'>Adam</span> <span class='ocrx_word' id='word_1_240' title='bbox 1653 1396 1826 1452; x_wconf 88' lang='lat' dir='ltr'>primo,</span> <span class='ocrx_word' id='word_1_241' title='bbox 1845 1392 1909 1437; x_wconf 83' lang='lat' dir='ltr'>eri·</span> 
     </span>
    </p>

    <p class='ocr_par' dir='ltr' id='par_1_18' title="bbox 1207 1450 1906 1507">
     <span class='ocr_line' id='line_1_62' title="bbox 1207 1450 1906 1507; baseline 0.004 -13"><span class='ocrx_word' id='word_1_242' title='bbox 1207 1450 1335 1507; x_wconf 87' lang='lat' dir='ltr'>gitur</span> <span class='ocrx_word' id='word_1_243' title='bbox 1373 1451 1423 1495; x_wconf 89' lang='lat' dir='ltr'>in</span> <span class='ocrx_word' id='word_1_244' title='bbox 1466 1451 1710 1498; x_wconf 65' lang='lat' dir='ltr'>secunda</span> <span class='ocrx_word' id='word_1_245' title='bbox 1779 1454 1906 1499; x_wconf 83' lang='lat' dir='ltr'>Causa</span> 
     </span>
    </p>

    <p class='ocr_par' dir='ltr' id='par_1_19' title="bbox 1208 1512 1906 1568">
     <span class='ocr_line' id='line_1_63' title="bbox 1208 1512 1906 1568; baseline 0.003 -15"><span class='ocrx_word' id='word_1_246' title='bbox 1208 1517 1371 1554; x_wconf 85' lang='lat' dir='ltr'>autem</span> <span class='ocrx_word' id='word_1_247' title='bbox 1393 1512 1723 1568; x_wconf 78' lang='lat' dir='ltr'>reparationis</span> <span class='ocrx_word' id='word_1_248' title='bbox 1746 1522 1906 1558; x_wconf 73' lang='lat' dir='ltr'>nostrae</span> 
     </span>
    </p>

    <p class='ocr_par' dir='ltr' id='par_1_20' title="bbox 1208 1570 1902 1622">
     <span class='ocr_line' id='line_1_64' title="bbox 1208 1570 1902 1622; baseline 0.01 -11"><span class='ocrx_word' id='word_1_249' title='bbox 1208 1580 1308 1612; x_wconf 90' lang='lat' dir='ltr'>non</span> <span class='ocrx_word' id='word_1_250' title='bbox 1337 1576 1429 1622; x_wconf 88' lang='lat' dir='ltr'>est,</span> <span class='ocrx_word' id='word_1_251' title='bbox 1461 1570 1556 1615; x_wconf 89' lang='lat' dir='ltr'>nisi</span> <span class='ocrx_word' id='word_1_252' title='bbox 1602 1572 1902 1618; x_wconf 73' lang='lat' dir='ltr'>misericordia</span> 
     </span>
    </p>

    <p class='ocr_par' dir='ltr' id='par_1_21' title="bbox 1215 1628 1898 1691">
     <span class='ocr_line' id='line_1_65' title="bbox 1215 1628 1898 1691; baseline 0.013 -20"><span class='ocrx_word' id='word_1_253' title='bbox 1215 1628 1474 1686; x_wconf 73' lang='lat' dir='ltr'>Dei3quem</span> <span class='ocrx_word' id='word_1_254' title='bbox 1492 1643 1596 1675; x_wconf 89' lang='lat' dir='ltr'>non</span> <span class='ocrx_word' id='word_1_255' title='bbox 1606 1632 1898 1691; x_wconf 69' lang='lat' dir='ltr'>diligeremus,</span> 
     </span>
    </p>

    <p class='ocr_par' dir='ltr' id='par_1_22' title="bbox 1208 1687 1900 1750">
     <span class='ocr_line' id='line_1_66' title="bbox 1208 1687 1900 1750; baseline 0.003 -18"><span class='ocrx_word' id='word_1_256' title='bbox 1208 1687 1296 1733; x_wconf 89' lang='lat' dir='ltr'>nisi</span> <span class='ocrx_word' id='word_1_257' title='bbox 1335 1688 1467 1746; x_wconf 90' lang='lat' dir='ltr'>prius</span> <span class='ocrx_word' id='word_1_258' title='bbox 1500 1703 1598 1736; x_wconf 92' lang='lat' dir='ltr'>nos</span> <span class='ocrx_word' id='word_1_259' title='bbox 1630 1691 1738 1750; x_wconf 90' lang='lat' dir='ltr'>ipse</span> <span class='ocrx_word' id='word_1_260' title='bbox 1766 1692 1900 1748; x_wconf 79' lang='lat' dir='ltr'>dssige·</span> 
     </span>
    </p>

    <p class='ocr_par' dir='ltr' id='par_1_23' title="bbox 1206 1747 1933 1912">
     <span class='ocr_line' id='line_1_67' title="bbox 1207 1747 1933 1825; baseline 0.007 -33"><span class='ocrx_word' id='word_1_261' title='bbox 1207 1755 1291 1800; x_wconf 91' lang='lat' dir='ltr'>ret,</span> <span class='ocrx_word' id='word_1_262' title='bbox 1318 1755 1365 1792; x_wconf 91' lang='lat' dir='ltr'>et</span> <span class='ocrx_word' id='word_1_263' title='bbox 1387 1747 1618 1796; x_wconf 75' lang='lat' dir='ltr'>tenebras</span> <span class='ocrx_word' id='word_1_264' title='bbox 1635 1752 1898 1809; x_wconf 60' lang='lat' dir='ltr'>ignorantiae</span> <span class='ocrx_word' id='word_1_265' title='bbox 1931 1768 1933 1825; x_wconf 74' lang='grc' dir='ltr'>Ι</span> 
     </span>
     <span class='ocr_line' id='line_1_68' title="bbox 1207 1811 1894 1859; baseline 0.003 -9"><span class='ocrx_word' id='word_1_266' title='bbox 1207 1813 1412 1859; x_wconf 87' lang='lat' dir='ltr'>nostrae,</span> <span class='ocrx_word' id='word_1_267' title='bbox 1440 1821 1561 1854; x_wconf 86' lang='lat' dir='ltr'>suae</span> <span class='ocrx_word' id='word_1_268' title='bbox 1583 1811 1800 1856; x_wconf 52' lang='lat' dir='ltr'>veritatis</span> <span class='ocrx_word' id='word_1_269' title='bbox 1817 1812 1894 1854; x_wconf 83' lang='lat' dir='ltr'>luce</span> 
     </span>
     <span class='ocr_line' id='line_1_69' title="bbox 1206 1865 1480 1912; baseline 0.015 -4"><span class='ocrx_word' id='word_1_270' title='bbox 1206 1865 1480 1912; x_wconf 76' lang='lat' dir='ltr'>discuteret.</span> 
     </span>
    </p>

    <p class='ocr_par' dir='ltr' id='par_1_24' title="bbox 1207 1925 1890 2156">
     <span class='ocr_line' id='line_1_70' title="bbox 1260 1925 1890 1994; baseline 0.006 -26"><span class='ocrx_word' id='word_1_271' title='bbox 1260 1931 1335 1994; x_wconf 75' lang='lat' dir='ltr'>R?-</span> <span class='ocrx_word' id='word_1_272' title='bbox 1369 1925 1414 1970; x_wconf 83' lang='lat' dir='ltr'><strong>A</strong></span> <span class='ocrx_word' id='word_1_273' title='bbox 1454 1927 1642 1973; x_wconf 87' lang='lat' dir='ltr'>dextris</span> <span class='ocrx_word' id='word_1_274' title='bbox 1693 1936 1764 1975; x_wconf 89' lang='lat' dir='ltr'>est</span> <span class='ocrx_word' id='word_1_275' title='bbox 1807 1926 1890 1972; x_wconf 85' lang='lat' dir='ltr'>mihi</span> 
     </span>
     <span class='ocr_line' id='line_1_71' title="bbox 1207 1983 1885 2038; baseline -0.001 -8"><span class='ocrx_word' id='word_1_276' title='bbox 1207 1983 1460 2038; x_wconf 84' lang='lat' dir='ltr'>Dominus,</span> <span class='ocrx_word' id='word_1_277' title='bbox 1490 1999 1554 2030; x_wconf 93' lang='lat' dir='ltr'>ne</span> <span class='ocrx_word' id='word_1_278' title='bbox 1570 1988 1885 2033; x_wconf 66' lang='lat' dir='ltr'>commovear*</span> 
     </span>
     <span class='ocr_line' id='line_1_72' title="bbox 1210 2043 1887 2101; baseline 0.001 -14"><span class='ocrx_word' id='word_1_279' title='bbox 1210 2043 1407 2101; x_wconf 87' lang='lat' dir='ltr'>Propter</span> <span class='ocrx_word' id='word_1_280' title='bbox 1439 2045 1536 2091; x_wconf 90' lang='lat' dir='ltr'>hoc</span> <span class='ocrx_word' id='word_1_281' title='bbox 1569 2048 1813 2092; x_wconf 74' lang='lat' dir='ltr'>dilatatum</span> <span class='ocrx_word' id='word_1_282' title='bbox 1838 2051 1887 2088; x_wconf 69' lang='lat' dir='ltr'>est</span> 
     </span>
     <span class='ocr_line' id='line_1_73' title="bbox 1208 2105 1888 2156; baseline 0 -9"><span class='ocrx_word' id='word_1_283' title='bbox 1208 2116 1294 2148; x_wconf 89' lang='lat' dir='ltr'>cor</span> <span class='ocrx_word' id='word_1_284' title='bbox 1313 2116 1491 2156; x_wconf 91' lang='lat' dir='ltr'>meum,</span> <span class='ocrx_word' id='word_1_285' title='bbox 1520 2113 1569 2150; x_wconf 91' lang='lat' dir='ltr'>et</span> <span class='ocrx_word' id='word_1_286' title='bbox 1593 2107 1810 2152; x_wconf 70' lang='lat' dir='ltr'>exultxivit</span> <span class='ocrx_word' id='word_1_287' title='bbox 1826 2105 1888 2148; x_wconf 83' lang='lat' dir='ltr'>lin·</span> 
     </span>
    </p>

    <p class='ocr_par' dir='ltr' id='par_1_25' title="bbox 1204 2165 1925 2342">
     <span class='ocr_line' id='line_1_74' title="bbox 1353 2165 1925 2269; baseline -0.002 -64"><span class='ocrx_word' id='word_1_288' title='bbox 1353 2175 1476 2208; x_wconf 87' lang='lat' dir='ltr'>mea.</span> <span class='ocrx_word' id='word_1_289' title='bbox 1560 2172 1625 2229; x_wconf 55' lang='lat' dir='ltr'>ys,</span> <span class='ocrx_word' id='word_1_290' title='bbox 1687 2165 1886 2210; x_wconf 84' lang='lat' dir='ltr'>Dominus</span> <span class='ocrx_word' id='word_1_291' title='bbox 1920 2166 1925 2269; x_wconf 49' lang='lat'><strong><em>‘</em></strong></span> 
     </span>
     <span class='ocr_line' id='line_1_75' title="bbox 1206 2221 1883 2278; baseline 0.006 -12"><span class='ocrx_word' id='word_1_292' title='bbox 1206 2235 1315 2278; x_wconf 87' lang='lat' dir='ltr'>pars</span> <span class='ocrx_word' id='word_1_293' title='bbox 1347 2221 1665 2269; x_wconf 74' lang='lat' dir='ltr'>haereditatis</span> <span class='ocrx_word' id='word_1_294' title='bbox 1694 2237 1823 2274; x_wconf 64' lang='lat' dir='ltr'>meae.</span> <span class='ocrx_word' id='word_1_295' title='bbox 1851 2230 1883 2264; x_wconf 83' lang='lat' dir='ltr'>et</span> 
     </span>
     <span class='ocr_line' id='line_1_76' title="bbox 1204 2280 1780 2342; baseline 0.009 -18"><span class='ocrx_word' id='word_1_296' title='bbox 1204 2280 1364 2326; x_wconf 72' lang='lat' dir='ltr'>calicis</span> <span class='ocrx_word' id='word_1_297' title='bbox 1385 2282 1780 2342; x_wconf 86' lang='lat' dir='ltr'>mei.—Propter.</span> 
     </span>
    </p>
   </div>
   <div class='ocr_carea' id='block_1_11' title="bbox 1200 2366 1920 2959">
    <p class='ocr_par' dir='ltr' id='par_1_26' title="bbox 1200 2366 1920 2959">
     <span class='ocr_line' id='line_1_77' title="bbox 1445 2366 1919 2416; baseline 0.013 -6"><span class='ocrx_word' id='word_1_298' title='bbox 1445 2367 1622 2416; x_wconf 50' lang='lat' dir='ltr'>Lectio</span> <span class='ocrx_word' id='word_1_299' title='bbox 1646 2386 1685 2416; x_wconf 83' lang='lat' dir='ltr'>v.</span> <span class='ocrx_word' id='word_1_300' title='bbox 1915 2366 1919 2395; x_wconf 81' lang='lat'>⁸</span> 
     </span>
     <span class='ocr_line' id='line_1_78' title="bbox 1358 2427 1920 2485; baseline -0.002 -13"><span class='ocrx_word' id='word_1_301' title='bbox 1358 2427 1704 2476; x_wconf 89' lang='lat' dir='ltr'>ILIGENDO</span> <span class='ocrx_word' id='word_1_302' title='bbox 1756 2431 1880 2485; x_wconf 80' lang='lat' dir='ltr'>itaque</span> <span class='ocrx_word' id='word_1_303' title='bbox 1914 2439 1920 2485; x_wconf 53' lang='lat' dir='ltr'><strong><em>g</em></strong></span> 
     </span>
     <span class='ocr_line' id='line_1_79' title="bbox 1386 2486 1880 2543; baseline 0.006 -12"><span class='ocrx_word' id='word_1_304' title='bbox 1386 2500 1475 2532; x_wconf 90' lang='lat' dir='ltr'>nos</span> <span class='ocrx_word' id='word_1_305' title='bbox 1492 2488 1647 2542; x_wconf 89' lang='lat' dir='ltr'>Deus,</span> <span class='ocrx_word' id='word_1_306' title='bbox 1675 2491 1736 2534; x_wconf 90' lang='lat' dir='ltr'>ad</span> <span class='ocrx_word' id='word_1_307' title='bbox 1754 2486 1880 2543; x_wconf 59' lang='lat' dir='ltr'>imagi·</span> 
     </span>
     <span class='ocr_line' id='line_1_80' title="bbox 1204 2549 1879 2606; baseline 0.006 -17"><span class='ocrx_word' id='word_1_308' title='bbox 1204 2556 1314 2589; x_wconf 89' lang='lat' dir='ltr'>nem</span> <span class='ocrx_word' id='word_1_309' title='bbox 1343 2558 1480 2591; x_wconf 85' lang='lat' dir='ltr'>suam</span> <span class='ocrx_word' id='word_1_310' title='bbox 1506 2561 1601 2594; x_wconf 88' lang='lat' dir='ltr'>nos</span> <span class='ocrx_word' id='word_1_311' title='bbox 1632 2549 1807 2606; x_wconf 84' lang='lat' dir='ltr'>reparat</span> <span class='ocrx_word' id='word_1_312' title='bbox 1822 2561 1830 2590; x_wconf 88' lang='lat'>:</span> <span class='ocrx_word' id='word_1_313' title='bbox 1846 2552 1879 2588; x_wconf 86' lang='lat' dir='ltr'>et</span> 
     </span>
     <span class='ocr_line' id='line_1_81' title="bbox 1205 2605 1879 2653; baseline 0.006 -5"><span class='ocrx_word' id='word_1_314' title='bbox 1205 2611 1258 2649; x_wconf 91' lang='lat' dir='ltr'>ut</span> <span class='ocrx_word' id='word_1_315' title='bbox 1293 2605 1342 2649; x_wconf 90' lang='lat' dir='ltr'>in</span> <span class='ocrx_word' id='word_1_316' title='bbox 1372 2606 1516 2652; x_wconf 88' lang='lat' dir='ltr'>nobis</span> <span class='ocrx_word' id='word_1_317' title='bbox 1558 2607 1761 2653; x_wconf 84' lang='lat' dir='ltr'>formam</span> <span class='ocrx_word' id='word_1_318' title='bbox 1795 2617 1879 2651; x_wconf 86' lang='lat' dir='ltr'>suae</span> 
     </span>
     <span class='ocr_line' id='line_1_82' title="bbox 1204 2665 1878 2718; baseline -0.001 -9"><span class='ocrx_word' id='word_1_319' title='bbox 1204 2665 1434 2710; x_wconf 79' lang='lat' dir='ltr'>bonitatis</span> <span class='ocrx_word' id='word_1_320' title='bbox 1464 2665 1688 2718; x_wconf 88' lang='lat' dir='ltr'>inveniat.</span> <span class='ocrx_word' id='word_1_321' title='bbox 1716 2668 1790 2711; x_wconf 88' lang='lat' dir='ltr'>dat</span> <span class='ocrx_word' id='word_1_322' title='bbox 1817 2676 1878 2708; x_wconf 87' lang='lat' dir='ltr'>un·</span> 
     </span>
     <span class='ocr_line' id='line_1_83' title="bbox 1204 2723 1878 2783; baseline 0 -15"><span class='ocrx_word' id='word_1_323' title='bbox 1204 2723 1266 2768; x_wconf 90' lang='lat' dir='ltr'>de</span> <span class='ocrx_word' id='word_1_324' title='bbox 1289 2725 1378 2781; x_wconf 88' lang='lat' dir='ltr'>ipsi</span> <span class='ocrx_word' id='word_1_325' title='bbox 1399 2738 1609 2782; x_wconf 90' lang='lat' dir='ltr'>quoque,</span> <span class='ocrx_word' id='word_1_326' title='bbox 1637 2727 1764 2783; x_wconf 90' lang='lat' dir='ltr'>quod</span> <span class='ocrx_word' id='word_1_327' title='bbox 1793 2735 1878 2780; x_wconf 87' lang='lat' dir='ltr'>ope·</span> 
     </span>
     <span class='ocr_line' id='line_1_84' title="bbox 1203 2756 1918 2840; baseline -0.003 -12"><span class='ocrx_word' id='word_1_328' title='bbox 1203 2782 1345 2834; x_wconf 73' lang='lat' dir='ltr'>ratur,</span> <span class='ocrx_word' id='word_1_329' title='bbox 1364 2783 1631 2840; x_wconf 78' lang='lat' dir='ltr'>operemur,</span> <span class='ocrx_word' id='word_1_330' title='bbox 1650 2783 1879 2830; x_wconf 76' lang='lat' dir='ltr'>accendens</span> <span class='ocrx_word' id='word_1_331' title='bbox 1915 2756 1918 2822; x_wconf 60' lang='lat' dir='ltr'>l</span> 
     </span>
     <span class='ocr_line' id='line_1_85' title="bbox 1202 2841 1918 2909; baseline -0.001 -23"><span class='ocrx_word' id='word_1_332' title='bbox 1202 2841 1381 2888; x_wconf 81' lang='lat' dir='ltr'>scilicet</span> <span class='ocrx_word' id='word_1_333' title='bbox 1394 2842 1627 2887; x_wconf 78' lang='lat' dir='ltr'>mentium</span> <span class='ocrx_word' id='word_1_334' title='bbox 1645 2841 1874 2888; x_wconf 67' lang='lat' dir='ltr'>nostr-Arum</span> <span class='ocrx_word' id='word_1_335' title='bbox 1915 2892 1918 2909; x_wconf 39' lang='grc'>1</span> 
     </span>
     <span class='ocr_line' id='line_1_86' title="bbox 1200 2899 1874 2959; baseline 0.003 -14"><span class='ocrx_word' id='word_1_336' title='bbox 1200 2899 1432 2953; x_wconf 76' lang='lat' dir='ltr'>lucernas,</span> <span class='ocrx_word' id='word_1_337' title='bbox 1458 2907 1506 2947; x_wconf 89' lang='lat' dir='ltr'>et</span> <span class='ocrx_word' id='word_1_338' title='bbox 1537 2901 1649 2959; x_wconf 86' lang='lat' dir='ltr'>igne</span> <span class='ocrx_word' id='word_1_339' title='bbox 1678 2915 1760 2958; x_wconf 81' lang='lat' dir='ltr'>uos</span> <span class='ocrx_word' id='word_1_340' title='bbox 1786 2910 1874 2954; x_wconf 62' lang='lat' dir='ltr'>suae</span> 
     </span>
    </p>
   </div>
   <div class='ocr_carea' id='block_1_12' title="bbox 1217 497 1444 724">
    <p class='ocr_par' dir='ltr' id='par_1_27' title="bbox 1217 497 1444 724">
     <span class='ocr_line' id='line_1_87' title="bbox 1217 497 1444 724; baseline 0 0"><span class='ocrx_word' id='word_1_341' title='bbox 1217 497 1444 724; x_wconf 95' lang='lat' dir='ltr'>  </span> 
     </span>
    </p>
   </div>
   <div class='ocr_carea' id='block_1_13' title="bbox 1921 1984 1927 2163">
    <p class='ocr_par' dir='ltr' id='par_1_28' title="bbox 1921 1984 1927 2163">
     <span class='ocr_line' id='line_1_88' title="bbox 1921 1984 1927 2163; baseline 0 1229"><span class='ocrx_word' id='word_1_342' title='bbox 1921 1984 1927 2163; x_wconf 95' lang='lat' dir='ltr'> </span> 
     </span>
    </p>
   </div>
   <div class='ocr_carea' id='block_1_14' title="bbox 1913 2840 1918 3011">
    <p class='ocr_par' dir='ltr' id='par_1_29' title="bbox 1913 2840 1918 3011">
     <span class='ocr_line' id='line_1_89' title="bbox 1915 2840 1918 2862; baseline 0 0"><span class='ocrx_word' id='word_1_343' title='bbox 1915 2840 1918 2862; x_wconf 73' lang='lat' dir='ltr'><em>u</em></span> 
     </span>
     <span class='ocr_line' id='line_1_90' title="bbox 1913 2939 1917 2967; baseline 0 0"><span class='ocrx_word' id='word_1_344' title='bbox 1913 2939 1917 2967; x_wconf 88' lang='grc'>1</span> 
     </span>
     <span class='ocr_line' id='line_1_91' title="bbox 1914 2986 1917 3011; baseline 0 0"><span class='ocrx_word' id='word_1_345' title='bbox 1914 2986 1917 3011; x_wconf 83' lang='grc' dir='ltr'>Ι</span> 
     </span>
    </p>
   </div>
  </div>
 </body>
</html>
