2050 3392
301 267 416 321 Die
438 282 511 322 Io
538 268 671 336 052„
698 269 759 323 S.
779 269 1066 324 Ludovici
1084 271 1414 339 Bertrandi,
1437 273 1492 327 C.
1574 285 1637 342 15

220 401 471 443 Leotiones
482 400 616 455 primi
634 400 862 443 Nocturni

148 462 214 503 de
240 461 481 514 Scriptura
502 467 788 502 oecurrente.

222 544 273 588 In
299 543 510 587 secundo
535 541 800 588 Nocturno.

382 617 552 664 Lectio
574 617 633 663 iv.

175 767 185 787 ν
297 703 382 805 ⁰237
397 696 740 809 [³323ng?
762 697 869 802 [gras-

162 849 195 883 ³<
237 800 381 916 2¹sz
424 816 596 861 lentiae
619 817 668 860 in
693 816 867 874 Hispa-

162 884 370 916 μνῆ-ἶ
424 876 504 919 nia
520 876 863 920 Tarraconensi

148 935 369 981 honestis
390 933 576 991 pissque
590 934 865 991 parentibus

146 1002 313 1045 natus,
339 994 401 1038 ab
430 994 535 1049 ipsa
563 1006 684 1050 pene
716 993 866 1038 insen-

146 1055 224 1099 tia
245 1051 512 1097 sanetitatis
534 1065 592 1096 ac
622 1052 866 1108 poeniten-

145 1114 251 1158 tiae
288 1111 571 1169 tyrocinium
607 1109 858 1155 inchoavit.

148 1170 344 1216 Exao‘ta
387 1168 591 1227 pueritia
630 1170 863 1214 interdum

147 1230 292 1274 nuda
306 1229 510 1274 cubabat
524 1228 683 1279 humo,
700 1228 865 1273 noCtes

150 1301 303 1345 saepe
351 1287 554 1332 ducebat
606 1287 857 1338 insomnes,

148 1361 215 1392 ac
251 1347 299 1390 in
334 1345 520 1404 pietatis
550 1352 597 1391 et
625 1346 864 1391 charitatis

147 1405 319 1451 officia
338 1405 528 1450 sedulus
543 1405 858 1450 incumbebat.

148 1465 332 1509 Mundi
362 1464 651 1521 contemptu,
679 1478 735 1508 ac
763 1465 864 1508 reli-

145 1524 321 1581 giosae
341 1523 465 1567 vitae
486 1522 654 1568 ardore
675 1523 866 1567 succen-

147 1595 249 1634 sus,
273 1581 521 1639 parentum
538 1589 674 1633 arteS,
694 1582 864 1639 quibus

150 1655 268 1686 eum
318 1654 350 1685 a
399 1639 565 1685 saneto
619 1640 865 1699 proposito

154 1700 399 1746 dimovere
419 1700 725 1753 conabamur,
747 1701 866 1745 mira

153 1759 428 1805 constentia
468 1758 716 1816 superavit.
783 1759 863 1803 Sui

157 1820 354 1864 tandem
390 1819 488 1864 voti
525 1832 724 1875 compos
756 1818 859 1863 effe

154 1877 278 1929 (stus,
309 1877 690 1922 Praedicatorum
713 1876 863 1922 ordini

154 1950 335 1981 nomen
394 1937 539 1987 dedit,
600 1936 680 1980 ubi
734 1937 863 1980 brevi

156 2004 346 2041 tantum
363 1995 571 2053 profecit,
593 2002 644 2039 ut
665 1996 738 2039 vel
758 2009 866 2052 pro-

155 2054 444 2100 veetioribus
485 2055 608 2111 ipsis,
651 2055 864 2111 quamvis

155 2121 279 2171 tyro,
294 2113 431 2158 fuerit
453 2113 682 2171 exemplo.
711 2113 864 2157 Emis-

152 2185 211 2217 sa
224 2173 537 2230 professione,
561 2174 732 2218 mirum
747 2180 865 2229 quot

152 2239 202 2276 et
239 2232 430 2288 quantis
461 2232 686 2279 virtutum
717 2236 864 2277 incre-

153 2290 332 2334 mentis
356 2290 558 2347 priorem
580 2291 701 2335 vitae
722 2291 863 2335 ratio-

153 2362 267 2393 nem
282 2349 545 2393 cumulatit.
559 2349 862 2417 Jejuniis,fla-

149 2409 299 2465 gelliS,
308 2409 482 2459 ciliciis,
493 2408 751 2465 vigiliisque
763 2422 862 2452 car·

152 2482 267 2512 nem
290 2467 506 2518 domans,
531 2474 735 2510 mentem
759 2467 859 2524 jugi

152 2525 382 2572 orationis
404 2525 580 2582 pabulo
609 2525 856 2577 nutriebat,

153 2599 212 2629 ex
227 2598 324 2642 quo
338 2591 522 2629 tantum
538 2584 747 2628 internae
763 2584 863 2629 ani-

153 2643 221 2688 mi
254 2643 531 2694 modestiae,
558 2656 615 2687 ac
643 2643 862 2700 puritatis

151 2701 418 2753 hauriebat,
460 2710 511 2746 ut
562 2702 630 2746 vel
673 2702 720 2746 in
762 2703 862 2760 ejus

152 2761 317 2811 oculis.
338 2774 395 2805 ac
419 2761 548 2805 vultu
568 2760 830 2819 appareret.

226 2817 298 2872 R?-
313 2819 584 2864 Honestum
607 2820 715 2864 fecit
731 2820 861 2864 illum

144 2880 302 2930 Dfius,
324 2886 373 2924 et
395 2878 649 2925 custod1vit
669 2892 780 2923 eum
800 2880 864 2924 ab

239 3026 368 3071 Pars
388 3024 435 3070 A
443 3028 724 3072 utumnalt's.

931 405 1147 458 inimicis,
1180 413 1226 451 et
1254 421 1285 451 a
1311 406 1639 453 sedutftoribus

934 465 1103 522 tutavit
1140 466 1304 510 illum:
1339 464 1362 485 ³*
1401 467 1463 511 Et
1503 467 1636 511 dedit

932 524 996 568 illi
1055 525 1317 569 claritatem
1375 525 1628 570 aeternam.

930 575 989 632 X*-
1024 584 1217 645 Justum
1259 582 1455 629 deduxit
1501 584 1639 629 Dfius

930 655 1014 699 per
1036 642 1133 685 vias
1164 641 1331 693 rectas,
1359 648 1405 687 et
1431 643 1637 688 ostendit

932 701 995 744 illi
1012 714 1212 758 regnum
1230 701 1331 747 Dei.
1340 701 1465 746 —Et
1486 702 1632 747 dedit.

1082 825 1088 838 ,
1169 786 1332 832 Lectio
1359 801 1394 830 κ’.
1412 787 1416 800 '

1092 875 1295 922 DHUC
1319 875 1516 935 juvenis,
1552 891 1639 923 no-

1120 936 1340 982 vitiorum
1369 937 1637 994 praefecitus

930 993 1185 1044 institutus,
1229 1009 1312 1040 eos
1345 996 1409 1040 ad
1445 1009 1639 1040 omnem

929 1054 1075 1098 verbo
1114 1061 1161 1098 et
1200 1054 1419 1111 exemplo
1466 1054 1640 1099 saneti·

929 1111 1144 1156 moniam
1183 1112 1478 1158 efformabat.
1557 1113 1638 1157 Ad

929 1169 1260 1216 Occidentalae
1308 1172 1453 1216 Indos
1498 1185 1640 1216 evan-

928 1229 1108 1287 gelicus
1126 1230 1427 1287 praedicator
1447 1231 1630 1281 missus,

928 1289 1145 1345 quamvis
1175 1302 1271 1334 uno
1303 1297 1487 1334 tantum
1527 1290 1639 1334 His-

928 1348 1100 1404 pAnico
1139 1348 1349 1394 uteretur
1391 1348 1631 1399 idiomate,

928 1420 1040 1450 eum
1061 1414 1219 1451 tamen
1242 1406 1466 1459 diversae,
1493 1414 1639 1464 atque

929 1466 1049 1510 inter
1082 1479 1135 1510 se
1171 1466 1364 1511 dissitae
1400 1466 1630 1517 nationes,

928 1537 1016 1568 sua
1056 1524 1197 1568 veluti
1239 1524 1512 1581 loquentem
1552 1525 1639 1568 lin-

927 1596 1037 1639 gua,
1061 1583 1274 1639 singulae
1290 1584 1560 1633 audiebant,
1580 1596 1638 1627 ex

929 1642 1100 1698 quibus
1121 1641 1395 1687 innumeros
1421 1643 1484 1686 ad
1518 1642 1638 1686 chri-

928 1700 1133 1745 stianam
1185 1701 1328 1745 fidem
1379 1700 1578 1746 addoxit
1624 1715 1636 1746 ε

930 1759 1089 1816 ibique
1117 1759 1351 1804 venenum
1373 1774 1469 1804 non
1491 1760 1638 1805 semel

928 1819 1016 1862 sibi
1038 1832 1069 1863 a
1095 1818 1306 1863 barbaris
1331 1819 1637 1876 propinatum

929 1877 1119 1923 innoxie
1164 1877 1332 1922 hausit.
1392 1877 1638 1923 publicam

929 1936 1147 1982 vitiorum
1233 1937 1630 1994 objurgationem,

928 2003 1175 2052 tamquam
1205 1996 1254 2040 in
1275 2009 1326 2041 se
1347 2009 1495 2040 unum
1516 1996 1638 2041 dire-

927 2054 1057 2098 <stam
1079 2054 1249 2100 nobilis
1281 2056 1478 2112 quidam
1514 2054 1637 2100 ultu-

927 2127 1017 2165 rus,
1046 2122 1248 2159 mortem
1283 2115 1531 2160 Ludovico
1568 2116 1637 2158 in-

928 2172 1093 2226 tentat,
1120 2186 1230 2218 cum
1252 2173 1440 2218 strietus
1462 2175 1510 2217 in
1527 2186 1635 2218 eum

926 2233 1116 2289 sclopus
1128 2234 1176 2276 in
1193 2232 1415 2277 Crucifixi
1433 2233 1636 2277 formam

925 2291 1119 2348 repente
1160 2292 1456 2335 convertitur.
1525 2291 1636 2345 Quo

926 2350 1155 2394 miraculo
1196 2349 1399 2394 neserius
1446 2349 1636 2406 aggres-

925 2422 1006 2452 sor
1050 2408 1308 2466 permotus,
1366 2408 1429 2451 ad
1480 2407 1633 2453 saneti

925 2468 1007 2511 viri
1031 2468 1179 2523 pedes
1199 2465 1487 2523 provolutus,
1516 2467 1635 2512 tanti

926 2526 1150 2570 facinoris
1177 2524 1364 2569 veniam
1394 2525 1531 2569 enIxe
1553 2527 1636 2570 de·

925 2584 1154 2641 precatur.

997 2644 1065 2695 R7.
1100 2642 1289 2688 Amdvit
1325 2655 1435 2687 eum
1470 2642 1636 2688 Domi-

924 2714 1028 2754 nus,
1071 2709 1118 2746 et
1148 2701 1334 2746 ornavit
1363 2715 1473 2746 eum
1502 2715 1512 2746 ε
1540 2710 1636 2748 sto-

925 2762 1020 2805 lam
1052 2760 1231 2817 gloriae
1268 2760 1419 2805 induit
1454 2773 1578 2813 eum,
1608 2754 1636 2778 ⁴*

927 2821 988 2864 Et
1008 2821 1074 2864 ad
1094 2826 1256 2876 portas
1311 2818 1483 2863 aradisi
1500 2832 1635 2866 coro-

925 2879 1055 2924 ndvit
1081 2891 1207 2924 eum.

1287 2882 1311 2920 '.
1337 2878 1500 2924 Induit
1528 2891 1638 2925 eum
