2050 3392
363 1249 686 1283 MtsERATIONE
710 1249 877 1282 DIVINA
895 1250 957 1281 ET
983 1249 1179 1281 SANCTAE
1200 1249 1330 1282 SEDIS
1350 1249 1645 1282 APOSTOLICAE
1668 1250 1850 1284 GRATJA

807 1303 1046 1333 EPISCOPUS
1065 1303 1400 1340 TORNACENSIS,

567 1358 803 1404 Omnibus
823 1360 910 1404 has
931 1358 1097 1403 visuris
1115 1359 1317 1404 salutem
1337 1359 1387 1404 in
1409 1359 1635 1405 Domino.

370 1450 406 1485 ἐκ
536 1443 695 1487 UUM
710 1443 938 1501 pluribus
952 1443 1282 1487 Romanorum
1298 1444 1585 1501 Pontificum
1603 1443 1851 1502 imprimis

370 1515 373 1539 τ
441 1536 463 1561 (Ι,
562 1517 672 1547 vero
704 1502 956 1546 Clementis
993 1501 1127 1546 VIII.
1165 1506 1211 1547 et
1253 1502 1443 1547 Urbani
1482 1502 1613 1548 Vlll.
1650 1504 1851 1549 decretis

370 1562 502 1601 μμ
562 1563 802 1606 sancitum
841 1563 908 1605 sit
946 1573 1004 1604 ne
1043 1561 1153 1618 quis
1188 1563 1499 1621 tjpographus
1529 1562 1848 1608 Breviarium

360 1621 635 1666 Romanum
657 1621 853 1665 recudat
873 1621 952 1664 vel
973 1619 1027 1663 in
1052 1621 1203 1664 lucem
1218 1621 1339 1674 edat,
1363 1621 1482 1678 quin
1498 1621 1557 1664 ab
1576 1620 1850 1668 Ordinario

363 1680 453 1725 loci
461 1681 685 1740 facultas
710 1681 764 1725 in
789 1679 982 1738 scriptis
1008 1684 1192 1738 accepta
1220 1681 1297 1733 sit,
1334 1684 1378 1725 et
1398 1679 1453 1724 de
1467 1680 1673 1738 perfetta
1698 1694 1849 1727 novae

359 1740 536 1786 edition
541 1743 584 1786 is
590 1755 696 1785 cum
709 1740 971 1799 archetypis
978 1740 1166 1784 Roman
1172 1740 1215 1783 is
1224 1739 1567 1798 exemplaribus
1576 1740 1851 1785 con-cordan-

361 1800 434 1843 tia
451 1805 572 1845 certo
592 1803 765 1845 constet
774 1815 796 1851 ,·
814 1800 929 1845 hinc
947 1802 1014 1844 est
1035 1800 1162 1857 quod
1172 1800 1273 1843 Nos
1294 1799 1559 1844 dederimus
1582 1799 1636 1843 in
1652 1800 1846 1858 scriptis

363 1858 612 1905 licentiam
654 1858 788 1904 illud
829 1858 1145 1917 imprimendi
1186 1858 1372 1903 dilectis
1398 1858 1535 1917 filiis
1576 1858 1855 1911 DESCLEE,'

361 1917 647 1962 LEFEBVRE
659 1928 734 1961 ΕΤ
744 1917 784 1961 S
786 1928 926 1962 OCJIS.
991 1918 1245 1975 Postquam
1262 1921 1419 1961 autem
1421 1916 1621 1974 fuimus
1635 1916 1849 1973 legitime

361 1975 620 2034 informati
646 1974 836 2032 hujusce
861 1990 1008 2021 novae
1034 1976 1287 2021 Breviarii
1310 1976 1527 2020 Romani
1556 1977 1609 2020 in
1635 1979 1851 2033 quatuor

351 2040 515 2094 partes
522 2034 773 2080 distributi
783 2034 1008 2081 editionis
1019 2037 1227 2094 in-24,ut
1238 2036 1396 2086 aiunt,
1396 2039 1585 2094 partem
1599 2039 1845 2094 quartam,

359 2109 506 2154 quam
519 2095 850 2139 autumnalem
861 2100 1045 2149 vocant,
1045 2096 1193 2155 juxta
1202 2095 1426 2154 probatas
1439 2096 1664 2140 editiones
1671 2096 1849 2140 Roma-

360 2170 450 2199 nas
453 2155 675 2214 fideliter
691 2159 954 2206 exaratam,
977 2169 1085 2200 cum
1100 2169 1183 2200 suo
1196 2156 1450 2215 originali,
1471 2155 1699 2213 diligenti
1699 2155 1843 2214 salta

359 2215 618 2265 collatione,
647 2214 701 2258 in
721 2213 937 2258 omnibus
955 2216 1215 2267 convenire,
1241 2228 1459 2259 excusam
1480 2214 1847 2273 approbavimus

359 2274 708 2334 evulgandique
743 2273 990 2317 licentiam
1024 2273 1253 2325 dedimus,
1288 2279 1437 2333 prout
1461 2281 1554 2333 per
1576 2278 1847 2334 praesentes

359 2334 669 2392 approbamus
688 2346 745 2377 ac
765 2332 1011 2377 licentiam
1030 2332 1217 2379 damus.

419 2393 479 2437 In
496 2406 698 2451 quorum
697 2391 848 2451 fidem
865 2393 998 2436 hasce
1008 2392 1407 2452 subsignavimus,
1426 2392 1678 2453 sig-illoque
1690 2396 1849 2438 nostro

362 2467 419 2497 ac
449 2451 716 2497 Secretarii
739 2452 894 2495 nostri
919 2452 1231 2513 chirographo
1256 2454 1449 2499 muniri
1462 2454 1685 2513 fecimus,
1732 2452 1847 2498 Tor·

365 2512 490 2567 naci,
517 2512 595 2558 die
617 2519 670 2556 X.
697 2507 862 2571 Junii
880 2513 1009 2557 anni
1028 2520 1428 2557 M.Dccc.LXXVll.

573 2581 643 2655 ὦ
668 2586 1006 2655 &mmmmm
1030 2587 1172 2661 3105·
1194 2603 1333 2650 Epos
1362 2603 1681 2650 TORNACEN.

752 2695 822 2738 De
841 2696 1051 2739 Mandato
1071 2694 1196 2737 Illmi.
1218 2708 1269 2737 ac
1290 2694 1401 2736 Rmi.
1427 2690 1546 2736 D.D.
1571 2693 1795 2747 Episcopiz

412 2744 460 2784 L.
486 2745 504 2790 f
536 2745 576 2787 S.
999 2747 1128 2788 V1c·1·.
1161 2746 1339 2794 Dvnnz.
1367 2748 1601 2789 Prosecret.
