2050 3392
217 260 336 315 Die
347 273 386 329 9
402 258 577 325 Αἶσα,
596 260 784 316 Dede'c.
809 261 1068 316 basmcae
1081 261 1190 315 SS.
1211 261 1551 315 Slvlvatom's.
1584 273 1685 330 529

215 397 486 449 aedificata,
507 398 628 443 bene
643 398 842 444 fundata
861 407 933 445 est

212 470 366 565 {5¹ng
417 457 604 504 firmam
658 466 854 517 petram.
873 483 933 492 -—-

452 619 687 664 Lectiovi.

372 696 417 739 U
437 694 546 741 OD
574 694 611 739 si
647 694 815 741 beetus
844 697 932 742 Sil-

382 754 536 800 vester
561 753 729 812 postea
750 756 796 800 in
818 769 931 801 con-

213 813 482 860 secratione
511 813 673 859 altaris
703 816 930 874 principis

212 873 562 933 Apostolorum
613 874 828 926 decrevit,
877 885 928 921 ut

212 935 444 992 deinceps
473 933 565 979 nisi
590 948 649 978 ex
676 933 836 992 lapide
863 936 928 981 al-

211 993 337 1040 teria
387 1008 486 1039 non
535 993 926 1041 aedificarentur:

211 1063 376 1100 tamen
391 1053 619 1100 basilicae
640 1054 929 1100 Lateraneu-

210 1116 278 1160 sis
305 1113 456 1159 altare
487 1113 574 1160 fuit
604 1128 633 1160 e
662 1115 795 1173 ligno
830 1115 928 1161 ere-

208 1174 347 1219 e'tum
367 1187 378 1219 τ
391 1174 526 1231 quod
539 1175 711 1220 mirum
724 1189 821 1221 non
835 1183 920 1222 est.

212 1234 344 1279 Nam
370 1247 483 1279 cum
519 1248 549 1279 a
583 1235 752 1281 saneto
787 1236 927 1281 Petro

209 1307 366 1351 usque
395 1294 460 1339 ad
491 1293 780 1347 Silvestrum,
819 1309 926 1353 pro·

208 1363 319 1412 pter
338 1353 702 1411 persecutiones,
735 1355 926 1401 Pontifi-

208 1427 292 1459 ces
331 1420 462 1458 certo
512 1413 620 1459 loco
671 1415 926 1462 consistere

209 1486 311 1519 non
352 1481 577 1530 possent:
623 1474 926 1533 quocumque

207 1545 296 1578 eos
316 1532 575 1578 necessitas
603 1534 918 1592 compulisset,

209 1593 308 1638 sive
329 1592 379 1637 in
400 1600 602 1650 cryptas,
632 1593 728 1638 sive
749 1594 796 1639 in
817 1609 925 1640 coe-

208 1651 422 1704 meteria,
459 1652 627 1699 sivein
654 1654 796 1700 aedes
821 1654 923 1713 pio-

208 1727 331 1766 rum,
358 1726 503 1772 super
522 1713 601 1759 illo
617 1713 750 1759 alteri
765 1714 922 1772 ligneo

210 1774 276 1818 ad
291 1785 432 1818 arcae
445 1772 797 1819 similitudinem
810 1774 923 1820 cen-

210 1846 343 1884 cavo,
371 1845 508 1877 sacra
524 1831 774 1879 faciebant.
811 1834 921 1888 Quo

208 1889 347 1937 alteri
366 1891 559 1938 sanetus
575 1891 803 1945 Silvester,
818 1893 921 1939 red-

211 1952 313 1996 dita
327 1950 566 1997 Ecclesiae
582 1965 713 2008 pace,
727 1952 920 1998 honoris

211 2024 360 2056 causa
402 2010 628 2069 prtncipis
666 2012 920 2069 Apostole-

212 2084 332 2123 mm,
359 2071 441 2128 qui
462 2071 510 2116 in
531 2071 609 2118 illo
634 2071 919 2118 sacrificasse

212 2130 400 2182 dicitur,
427 2138 473 2175 et
488 2131 773 2189 reliquorum
796 2132 918 2178 Pon-

213 2191 411 2242 tificum,
452 2191 534 2248 qui
574 2205 724 2249 usque
764 2193 827 2237 ad
868 2192 916 2237 id

213 2259 404 2308 tempus
431 2251 495 2296 ad
520 2251 743 2309 mysteria
774 2252 917 2296 confi-

209 2311 384 2357 cienda
413 2325 472 2356 eo
511 2311 582 2356 usi
623 2309 821 2363 fuerant,
869 2312 917 2356 in

212 2369 520 2417 Lateranensi
537 2370 691 2428 prima
707 2370 917 2417 Ecclesia

209 2429 457 2481 collocato,
486 2429 696 2481 sancivit,
715 2444 775 2475 ne
791 2430 916 2488 quis-

210 2503 357 2549 quam
373 2491 421 2534 in
436 2503 509 2541 eo,
536 2498 722 2546 praeter
746 2488 918 2535 Rome-

210 2563 326 2595 num
381 2549 674 2600 Pontificem,
723 2549 915 2595 missam

211 2609 436 2666 deInceps
458 2606 727 2654 celebratet.
775 2608 917 2654 Eam·-

212 2669 321 2714 dem
369 2667 616 2713 ecclesiam
669 2666 909 2718 incendiis,

211 2728 565 2777 vastationibus,
573 2736 721 2772 terrae
731 2726 918 2784 iusuper

211 2789 420 2835 motibus
453 2786 662 2845 disjecfta,
690 2785 917 2831 eversam·

211 2864 314 2908 que,
347 2862 405 2894 ac
427 2847 594 2893 sedula
623 2846 916 2892 summerum

213 2909 500 2956 Pontificum
513 2921 627 2953 cura
638 2907 916 2966 reparatam.

312 3079 443 3124 Pars
466 3078 804 3127 Autumnalis.

997 413 1123 445 nova
1154 398 1463 457 postmodum
1498 398 1701 446 moiitio-

995 473 1057 504 ne
1097 458 1373 511 restitutam,
1413 460 1701 505 Benedietus

996 520 1210 565 decimus
1260 518 1425 566 tertius
1486 520 1701 566 Pentifex

995 579 1229 625 maximus
1249 580 1429 626 ordinis
1453 580 1702 625 Praedica-

995 640 1164 692 torum,
1202 642 1278 686 die
1308 639 1536 698 vigesima
1565 638 1699 685 oe'te-

994 714 1054 745 va
1091 700 1267 758 Aprssis
1308 700 1420 746 anni
1462 699 1695 746 millesimi

994 759 1395 817 septingentesimi
1482 759 1696 818 vigesimi

993 819 1126 871 sexti,
1167 820 1258 864 ritu
1294 819 1492 865 solemni
1532 835 1698 866 conse-

993 878 1152 930 cravit.
1190 877 1385 937 ejusque
1412 880 1696 926 celebritatis

993 938 1268 983 memoriam
1314 939 1405 984 hac
1451 940 1528 985 die
1569 954 1698 987 reco-

993 997 1184 1043 lendam
1206 997 1379 1043 statuit.

1050 1062 1122 1120 Ry,
1153 1057 1301 1103 Mane
1328 1072 1524 1115 surgens
1539 1059 1697 1122 Jacob

991 1114 1199 1175 erigebat
1212 1116 1418 1175 lapidem
1428 1119 1474 1163 in
1489 1119 1691 1173 titulum,

992 1176 1193 1222 fundens
1213 1176 1369 1222 oleum
1387 1177 1599 1237 desuper,
1615 1193 1697 1224 vo-

991 1245 1093 1281 tum
1115 1238 1240 1281 vovit
1264 1236 1472 1284 Domino
1492 1252 1501 1284 :
1521 1242 1545 1265 ³*
1572 1238 1695 1285 Vere

988 1296 1121 1342 locus
1137 1297 1223 1341 iste
1240 1297 1431 1344 sanetus
1444 1306 1526 1350 est,
1540 1307 1586 1345 et
1603 1313 1696 1358 ego

989 1356 1270 1403 nesciebam.
1289 1357 1347 1410 yr-
1370 1358 1587 1417 Cumque
1602 1359 1696 1404 evi-

987 1416 1178 1475 gilasset
1206 1418 1361 1479 Jacob
1404 1420 1465 1463 de
1505 1432 1688 1471 somno,

987 1476 1281 1521 ait.—Vere
1322 1477 1469 1523 locus.
1527 1478 1693 1525 Gleria

991 1535 1131 1583 Patri.
1177 1535 1298 1582 Vere
1317 1536 1463 1583 locus,

1047 1597 1101 1640 In
1130 1597 1266 1641 tertio
1296 1595 1561 1650 NoeturnQ
1587 1600 1689 1645 Ho-

982 1657 1113 1702 milia
1135 1657 1179 1701 S.
1199 1657 1438 1703 Ambrosii
1463 1660 1686 1719 Episcopi

982 1720 1031 1761 in
1055 1718 1234 1774 Evang.
1272 1711 1685 1780 IngressusJesus,

981 1779 1029 1821 in
1067 1779 1320 1823 Communi
1360 1780 1688 1827 Dedicationis

982 1838 1235 1883 Ecclesiae.
1267 1833 1370 1879 cxli.

983 1922 1074 1968 Pro
1099 1922 1143 1969 S.
1171 1923 1431 1969 Theodoro
1456 1926 1678 1986 Martyrc.

1207 1998 1372 2046 Lectio
1395 2002 1452 2047 ix.

1004 2089 1188 2148 >71
1224 2071 1273 2118 H
1292 2072 1334 2117 E
1350 2071 1449 2119 OD
1460 2071 1503 2118 O
1515 2073 1558 2117 R
1571 2073 1617 2118 U
1633 2072 1679 2125 S,

1001 2149 1008 2170 ι
1055 2138 1113 2194 γ’
1130 2130 1181 2184 „²³²
1234 2133 1365 2178 miles
1390 2132 1686 2187 christianus,

1000 2145 1178 2286 (Β
1231 2193 1528 2310 &esaim
1555 2194 1688 2310 ,32²4

1449 2287 1459 2305 Ι

981 2311 1218 2357 idolorum
1257 2311 1418 2358 fanum
1456 2311 1689 2357 incendis-

981 2378 1066 2422 set,
1105 2371 1486 2429 comprehensus,
1520 2384 1630 2415 cum
1659 2384 1690 2417 a

982 2429 1222 2487 praefe6m
1242 2430 1441 2488 legionis
1470 2443 1625 2487 poena
1644 2431 1688 2475 ei

980 2488 1305 2541 remitteretur,
1352 2490 1390 2534 si
1443 2489 1689 2546 poenitens

978 2547 1092 2592 faeti
1111 2547 1414 2593 christiAnam
1432 2549 1572 2593 fidem
1582 2563 1687 2594 exe-

981 2607 1201 2657 craretur.
1223 2606 1494 2653 constanter
1510 2608 1556 2652 in
1574 2607 1686 2654 fidei

981 2665 1275 2712 confessiene
1366 2667 1680 2725 perseverans,

983 2727 1154 2770 missus
1168 2733 1238 2770 est
1255 2725 1303 2771 in
1324 2725 1556 2772 catcerem
1576 2743 1585 2774 :
1602 2729 1685 2775 ubi

981 2784 1171 2842 ungulis
1186 2787 1555 2840 excarnificatus,
1568 2789 1683 2836 dum

980 2854 1143 2890 costae
1187 2846 1488 2900 nudarentur.
1533 2848 1681 2896 laetus

981 2904 1181 2952 canebat
1214 2918 1225 2952 t
1265 2906 1545 2955 BenedIcam
1579 2911 1674 2960 De-

1532 3094 1587 3136 23

1693 3216 1880 3284 ἰ
