2050 3392
432 278 547 330 Die
560 292 638 346 30
662 280 833 347 Nov.,
860 281 917 333 S.
950 281 1232 347 Andreae,
1250 281 1305 333 A
1300 284 1448 351 post.

191 415 386 478 Jesum,
414 422 461 458 et
484 414 534 465 in
552 415 696 459 corde
718 423 803 459 tuo
824 428 923 459 cre-

200 474 401 525 dideris,
444 474 579 530 quod
615 474 751 527 Deus
791 473 919 518 illum

203 533 453 578 suscitavit
473 546 506 576 a
525 531 736 585 mertuis,
763 534 921 577 salvus

205 605 317 637 ens.

287 648 357 704 RI-
394 651 520 696 Cum
581 650 920 708 perambuleret

212 710 350 754 Dfius
360 710 501 767 juxta
518 724 646 754 mare
662 711 914 760 Galilaeae.

210 769 325 813 vidit
370 769 560 814 Petrum
597 778 643 814 et
678 770 918 814 Andream

203 828 328 872 retia
348 829 591 873 mittentes
612 829 661 871 in
693 841 835 880 mare,
872 837 917 873 et

202 887 394 931 vocavit
415 899 513 938 eos,
550 887 790 932 dicenst*
827 888 918 931 Ve-

203 947 306 991 nite
349 954 459 1002 post
502 959 592 997 me,
625 945 798 990 faciam
833 960 917 991 vos

204 1005 306 1049 sieri
352 1004 610 1061 piscatdres
652 1004 914 1058 heminum,

213 1055 279 1117 V.
298 1064 450 1108 Erant
472 1064 599 1108 enim
629 1063 888 1120 piscatdres
908 1079 917 1115 ;

200 1131 250 1168 et
293 1123 362 1167 ait
404 1123 770 1169 illia—Venite
810 1133 917 1181 post

203 1195 302 1226 me.

386 1426 462 1461 tur
511 1418 576 1462 ad
622 1417 855 1474 justitiam
907 1431 916 1461 :

203 1489 288 1521 ore
310 1484 472 1520 autem
508 1476 742 1521 consessio
773 1477 825 1521 fit
854 1478 918 1521 ad

203 1533 425 1580 salutem.
495 1534 620 1579 Dicit
650 1536 777 1579 enim
798 1536 919 1580 Scri-

205 1594 348 1650 ptura
371 1607 381 1638 :
400 1593 583 1645 Omnis,
605 1595 685 1651 qui
703 1595 850 1639 credit
870 1595 917 1638 in

208 1653 353 1707 illum,
422 1665 520 1696 non
584 1653 912 1698 confundetur.

208 1713 325 1757 Non
375 1712 504 1757 enim
553 1722 622 1760 est
675 1712 919 1757 distinetio

234 1772 375 1816 udaei
393 1780 440 1816 et
455 1772 622 1826 Graeci
638 1786 648 1816 ε
666 1785 783 1816 nam*
794 1772 918 1815 idem

260 1830 449 1875 dminus
469 1830 697 1882 emnium,
720 1830 850 1875 dives
869 1830 916 1874 in

206 1903 390 1940 omnes,
417 1891 498 1946 qui
522 1890 742 1934 invocant
769 1889 912 1933 illum.

204 1949 379 1995 Omnis
435 1948 575 2000 enim,
631 1947 919 2005 quicumque

204 2007 493 2052 invocdverit
517 2020 690 2051 nornen
705 2006 914 2059 Demini,

204 2067 366 2111 salvus
388 2068 489 2110 erit.
525 2065 785 2120 Quemodo
804 2079 919 2124 ergo

206 2123 513 2180 invccabunt,
549 2126 597 2168 in
638 2138 781 2181 quem
822 2138 919 2169 non

205 2175 507 2229 crediderunt
521 2185 542 2227 Ρ
556 2184 652 2228 Aut
674 2184 919 2241 quemodo

205 2244 402 2288 credent
442 2244 499 2294 ei,
537 2256 678 2299 quem
711 2256 805 2286 non
837 2256 919 2286 au—

205 2302 439 2348 dierunt?
468 2301 726 2356 Quemodo
759 2309 917 2346 autem

204 2362 403 2408 audient
440 2362 540 2406 sine
579 2360 921 2417 praedicente?

206 2419 470 2476 Qubmodo
519 2433 629 2463 vero
680 2420 920 2476 praedicti-

205 2481 342 2531 bunt‚
378 2480 465 2523 nisi
495 2479 739 2523 mittantur
759 2479 779 2523 ?
799 2481 918 2523 sicut

206 2539 439 2594 scriptum
474 2546 544 2583 est
572 2552 582 2581 ε
614 2537 775 2591 Quam
816 2550 920 2594 spe-

206 2597 323 2643 ciesi
342 2598 488 2654 pedes
501 2596 918 2653 evangelizentium

206 2670 393 2713 pacem,
498 2654 918 2713 evangelizantium

206 2716 370 2761 bona!

1597 293 1696 348 577

987 415 1127 466 tibus,
1154 428 1357 473 quorum
1379 428 1470 459 usu
1489 413 1699 472 adhique

987 474 1186 526 vivebat,
1248 478 1272 498 ⁹‘
1301 474 1529 518 AEternae
1572 475 1699 518 vitae

987 532 1176 578 sectatus
1187 541 1258 579 est
1271 533 1483 590 praemia
1499 532 1700 589 largien-

987 600 1099 636 tem.
1157 587 1220 646 ΧΓ.
1248 593 1342 636 Hic
1383 599 1452 636 est
1495 592 1574 648 qui
1608 604 1699 649 pro

986 651 1149 699 amere
1179 651 1353 697 Christi
1376 650 1617 709 ‚pependit
1647 650 1698 694 in

986 723 1137 761 cruce,
1163 719 1209 755 et
1236 724 1323 768 pro
1354 711 1455 767 lege
1475 711 1577 768 eJ‘us
1597 723 1701 754 sus-

986 768 1138 836 tinuit
1166 769 1451 826 passienem.
1464 794 1525 802 --
1541 768 1699 815 AEter-

986 840 1077 872 nae
1097 835 1234 873 vitae.

1226 912 1394 961 Ledtio
1414 913 1476 960 iii.

1134 1004 1177 1048 E
1207 1005 1251 1047 D
1343 1017 1442 1048 non
1529 1014 1696 1048 omnes

1147 1064 1376 1108 obediunt
1411 1063 1689 1119 Evangelio.

987 1123 1138 1167 Isaias
1159 1123 1284 1166 enim
1307 1122 1419 1166 dicit
1439 1135 1449 1166 ε
1469 1120 1691 1173 Βόῐῃίηε,

984 1183 1090 1239 quis
1101 1181 1297 1226 credidit
1305 1179 1488 1225 auditui
1504 1181 1696 1225 nostro?

986 1242 1114 1298 Ergo
1136 1241 1253 1285 fides
1273 1255 1330 1285 ex
1351 1239 1534 1291 auditu,
1559 1238 1698 1283 audi-

983 1309 1061 1345 tus
1081 1307 1242 1345 autem
1258 1309 1342 1357 per
1357 1300 1549 1343 verbum
1561 1297 1697 1342 Chri-

888 1358 919 1389 “-
984 1359 1057 1403 sti.
1123 1360 1217 1403 Sed
1260 1359 1407 1403 dico:
1447 1357 1696 1414 Numquid

983 1431 1081 1462 non
1112 1418 1397 1462 audierunt?
1418 1416 1478 1460 Et
1501 1416 1694 1473 quidem

985 1479 1031 1521 in
1083 1490 1273 1521 omnem
1325 1484 1496 1520 terram
1552 1474 1694 1519 exsvit

984 1549 1130 1580 sonus
1175 1535 1354 1586 cerum,
1401 1542 1447 1579 et
1488 1535 1536 1577 in
1576 1532 1695 1578 fines

984 1595 1112 1638 orbis
1153 1601 1303 1638 terrae
1333 1593 1475 1636 verba
1509 1591 1688 1637 ebrum.

984 1653 1081 1696 Sed
1102 1653 1211 1696 dico
1238 1665 1248 1696 :
1273 1651 1523 1707 Numquid
1548 1650 1693 1694 Israel

984 1725 1082 1757 non
1099 1710 1545 1768 cognevit?Primus
1555 1710 1695 1767 Μόγ-

985 1784 1061 1815 ses
1091 1772 1204 1815 dicit
1232 1784 1242 1814 ε
1268 1770 1377 1826 Ego
1397 1770 1459 1813 ad
1488 1768 1696 1813 aemula-

987 1830 1163 1875 tidnem
1179 1842 1264 1873 vos
1277 1826 1513 1873 adducam
1532 1828 1581 1871 in
1597 1839 1695 1871 non

984 1897 1175 1947 gentem
1212 1901 1223 1933 ι
1266 1888 1312 1932 in
1354 1895 1545 1944 gentem
1586 1885 1697 1931 insi-

987 1949 1208 2005 pientem,
1244 1947 1292 1992 in
1324 1947 1441 1991 iram
1473 1959 1559 1991 vos
1589 1945 1696 1990 mit-

985 2018 1098 2052 tam.
1164 2007 1319 2051 Isaias
1339 2015 1497 2052 autem
1528 2005 1692 2056 audet.

984 2076 1029 2112 et
1073 2066 1223 2111 dicit:
1260 2065 1482 2110 Inventus
1523 2077 1630 2109 sum
1662 2076 1698 2109 a

987 2139 1082 2170 non
1112 2126 1445 2182 quaerentibus
1475 2137 1552 2168 me
1579 2136 1697 2180 :pa-

986 2186 1080 2228 lam
1101 2184 1300 2242 appdrui
1318 2184 1483 2240 iis,qui
1508 2196 1584 2227 me
1596 2194 1695 2227 non

987 2244 1354 2300 interrogebant.
1431 2242 1509 2285 Ad
1550 2241 1696 2285 Israel

985 2312 1146 2346 autem
1179 2302 1291 2347 dleit
1319 2301 1480 2346 :Tota
1510 2300 1588 2346 die
1618 2313 1696 2343 ex·

988 2361 1132 2417 pendi
1155 2373 1326 2405 manus
1356 2372 1487 2406 meas
1517 2360 1582 2403 ad
1613 2357 1698 2415 ρό-

986 2420 1152 2476 pulum
1194 2432 1291 2463 non
1332 2418 1616 2468 credentem,
1649 2424 1696 2461 et

986 2478 1400 2522 contradicentem.

1060 2534 1133 2592 R7.
1181 2535 1365 2580 Dodtor
1423 2536 1594 2585 bonuS,
1650 2541 1696 2578 et

984 2594 1168 2639 amicus
1179 2594 1268 2638 Dei
1277 2593 1495 2637 Andreas
1511 2591 1698 2637 ducitur

985 2654 1050 2698 ad
1071 2666 1258 2697 crucem
1287 2666 1296 2696 ε
1320 2665 1467 2708 quam
1495 2665 1526 2695 a
1554 2651 1697 2708 longe

986 2711 1222 2769 aspiciens
1236 2710 1351 2755 dixit
1368 2710 1524 2754 :Salve
1533 2723 1662 2762 crux,
1680 2707 1707 2730 ἦ

277 2770 354 2828 R7.
384 2774 503 2819 Mox
531 2781 584 2818 ut
625 2786 789 2817 vocem
823 2771 919 2817 Βόὲ
986 2771 1182 2827 Stiscipe
1234 2769 1519 2827 discipulum
1573 2770 1690 2826 ejus,

208 2831 333 2879 mini‘
380 2831 696 2891 praedicentis
740 2831 920 2876 audivit
987 2830 1071 2887 qui
1093 2828 1318 2886 pependit
1340 2829 1388 2872 in
1408 2836 1455 2874 te
1472 2829 1697 2886 magister

207 2892 383 2938 beatus
402 2892 634 2942 AndreaS,
659 2890 834 2936 relictis
852 2890 940 2955 re·⁴
988 2902 1122 2942 meus
1164 2887 1394 2933 Christus.
1462 2879 1528 2952 ΧΥ.
1562 2887 1705 2936 Salve,

317 3056 443 3101 Pars
465 3057 511 3101 A
517 3056 801 3102 utumnalis.

1535 3072 1590 3116 25
