2050 3392
338 262 460 317 Die
482 278 551 333 13
576 263 749 330 Nou,
770 265 830 319 S.
858 264 1096 320 Nicolai
1116 267 1181 334 J.,
1208 268 1273 322 P.
1306 266 1365 323 C.
1438 266 1608 323 ccxci.

84 406 320 455 quartus
358 398 629 445 DiAconum
652 399 838 445 creeve-

85 459 213 510 rint,
239 459 539 504 Benedictus
548 460 741 504 demum
754 461 835 504 ter-

89 519 219 569 tius,
242 519 354 575 eJus
377 518 580 563 consilio
601 528 646 564 et
665 519 830 572 duetu,

89 578 396 623 universam
412 578 675 625 Ecclesiam
684 579 835 624 admi-

95 637 411 683 nistreverit.

175 703 258 761 RJ'.
281 698 453 744 Inveni
472 698 627 743 David
645 711 834 744 servum

94 771 294 810 meum,
346 758 457 803 eleo
506 757 675 803 saneto
724 772 832 804 meo

93 817 227 861 unxi
260 830 377 861 eum
402 831 411 861 :
447 814 470 836 *
499 818 676 863 Manus
704 818 831 863 enim

97 890 223 920 mea
268 875 577 921 auxiliebitur
616 877 675 922 ei.
762 869 827 931 ΧΤ.

99 935 251 980 Nihil
283 935 507 993 prosiziet
535 935 753 982 inimicus
782 935 829 981 in

96 1009 183 1047 eo,
214 1003 267 1039 et
300 995 431 1040 silius
452 996 710 1053 iniquitatis
732 1009 830 1042 non

97 1054 310 1103 nocebit
334 1056 650 1101 ei.-Manus.

299 1295 365 1338 ab
398 1307 457 1338 eo
488 1293 693 1350 scriptae
727 1293 828 1351 epi-

105 1352 286 1404 stolae.
325 1354 376 1398 in
411 1354 583 1410 quibus
617 1353 828 1400 errentes

105 1412 334 1464 correxit,
370 1413 598 1469 superbos
637 1413 828 1471 depres-

107 1474 186 1525 sit,
258 1472 514 1529 oppressos
580 1473 820 1520 recreevit.

108 1531 400 1590 Episcopos,
437 1545 583 1589 reges,
625 1534 827 1590 impera-

109 1592 246 1638 tdres
291 1592 337 1635 in
374 1591 532 1636 officio
572 1593 820 1637 contiuuit.

103 1650 315 1721 Joennis
343 1650 631 1696 Ravennatis
645 1651 825 1696 ’Archi-

111 1711 332 1817 ἷξίίεοορί
353 1711 653 1816 οοηωῐᾶιῖοἰέ
662 1713 823 1816 gregit.

192 1784 437 1816 ncmarum
584 1786 658 1816 em
690 1786 823 1817 nsem

113 1830 556 1889 Archiepiscopum,
576 1833 636 1876 de
650 1831 823 1890 injusta

118 1890 545 1948 RhoteldiEpisco
582 1892 824 1937 iSuessio-

116 1950 298 1995 niensis
327 1951 526 2008 depositi
564 1964 624 1996 ne
654 1951 824 1996 Acriter

117 2009 436 2068 reprehendit,
462 2011 564 2068 ejus
585 2024 644 2054 ea
669 2012 731 2055 de
751 2023 816 2063 re,

118 2083 213 2116 nec
253 2083 346 2115 non
383 2071 554 2128 synodi
597 2070 823 2127 Sylvane·

118 2130 296 2176 &ensis
310 2130 539 2186 judicium
552 2130 820 2187 abrogevin

120 2201 227 2237 tum
247 2190 372 2246 apud
388 2189 601 2234 sanetam
615 2190 821 2235 Mariam

121 2249 354 2309 Majdrem
374 2250 421 2294 in
442 2249 687 2306 pervigilio
723 2249 822 2293 Na-

123 2309 315 2357 tivitetis
375 2308 654 2354 Dominicae
713 2309 821 2352 mis·

123 2370 282 2416 serum
332 2368 558 2414 solemnia
607 2368 814 2425 explens,

126 2428 408 2488 Episcopum
426 2429 580 2485 ipsum
595 2427 821 2484 pristinae

125 2488 354 2547 dignitati.
411 2496 457 2533 et
509 2487 655 2545 paulo
709 2494 820 2544 post

125 2562 240 2595 suae
277 2548 373 2593 sedi
413 2547 552 2605 plene
599 2546 814 2593 restituit.

129 2606 398 2655 Lotherium
432 2621 607 2664 regem,
635 2607 716 2663 qui
750 2621 820 2651 re-

122 2669 248 2730 jetsta
262 2667 464 2726 legitima
480 2666 626 2712 uxere
640 2667 821 2711 Theut·

127 2730 279 2787 berga,
309 2726 618 2772 Waldredam
647 2739 821 2771 concu-

126 2790 283 2836 binam
328 2786 537 2838 duxerat.
586 2785 820 2831 intentato

128 2848 430 2898 anathemate,
471 2847 535 2892 ad
584 2844 819 2890 sanierem

129 2917 327 2956 mentem
365 2906 565 2952 redt'ixit.
614 2904 819 2949 Eleetie·

901 414 1009 446 nem
1055 400 1210 448 Phetii
1251 402 1356 449 leici
1400 401 1606 449 heminis

899 462 1182 518 reprobavit,
1208 470 1256 507 et
1281 463 1605 510 Patriercham

903 520 1145 577 Igneiium
1180 522 1227 566 in
1260 523 1505 579 pristinam
1536 536 1607 568 se·

899 581 1008 626 dem
1062 581 1284 627 restituit.
1363 582 1605 628 Ecclesiae

899 641 1093 686 demum
1126 641 1374 687 Romenae
1399 642 1508 699 jura
1538 643 1605 696 ita

898 700 1124 752 defendit,
1152 708 1205 745 ut
1234 700 1449 759 singulae
1478 701 1604 747 illius

896 759 1128 817 epistolae
1140 762 1274 818 quasi
1293 761 1492 807 tetidem
1512 762 1603 806 sor·

898 819 1081 863 tissima
1129 821 1255 865 sedis
1311 820 1602 879 apostelicae

897 878 1192 924 munimenta
1210 893 1312 924 esse
1333 880 1596 928 videentur.

958 930 1033 992 Ry.
1059 937 1199 983 Pesui
1221 939 1507 997 adjuterium
1524 953 1601 986 su-

895 998 1373 1115 rrepsisse-152
1396 999 1602 1104 32¹4ss

895 1117 1074 1162 Manus
1088 1117 1214 1163 enim
1228 1132 1336 1163 mea
1356 1119 1600 1164 auxiliebi·

894 1184 971 1222 tur
1010 1177 1069 1222 ei.
1136 1166 1197 1228 FV-
1240 1177 1403 1223 Inveni
1440 1178 1599 1225 David

892 1250 1079 1283 servum
1100 1250 1273 1290 meum,
1300 1236 1407 1283 eleo
1427 1238 1597 1284 saneto

893 1310 1003 1342 meo
1045 1298 1159 1342 unxi
1203 1298 1597 1345 eum.·—Manus

892 1371 1018 1401 enirn
1041 1370 1161 1404 mea.

1124 1439 1288 1488 Lectio
1310 1443 1367 1487 vi.

1044 1532 1149 1577 UM
1172 1531 1296 1578 illius
1316 1532 1441 1579 zelus
1472 1532 1597 1580 intra

1071 1599 1182 1637 tunc
1277 1592 1595 1651 praescriptos

890 1648 1132 1696 Ecclesiae
1189 1652 1304 1698 fines
1364 1652 1593 1698 contineri

889 1725 985 1756 non
1018 1720 1194 1770 posset,
1231 1714 1294 1757 ad
1330 1712 1595 1759 conversib-

889 1785 999 1816 nem
1050 1772 1309 1817 infidelium
1361 1771 1592 1830 applicuit

888 1831 1115 1883 animum,
1152 1831 1369 1889 fecitque,
1403 1839 1457 1877 ut
1492 1846 1593 1877 am-

887 1891 1101 1948 plissima
1124 1890 1433 1948 Bulgarerum
1455 1904 1585 1949 gens,

889 1964 983 1995 una
1015 1965 1124 1996 cum
1154 1964 1279 2008 rege,
1316 1952 1379 1997 ad
1416 1951 1592 1998 Christi

888 2011 1030 2055 sidem
1072 2011 1308 2064 conversa,
1353 2011 1594 2057 Ecclesiae

889 2070 1148 2123 Romanae,
1191 2071 1434 2117 frendente
1483 2072 1591 2118 licet

886 2131 1170 2187 imperatere
1184 2130 1486 2176 schismetico
1497 2145 1593 2182 ,ac-

885 2190 1088 2235 cesserit.
1154 2191 1362 2248 Operam
1399 2205 1593 2248 quoque

886 2262 1020 2294 suam
1049 2250 1243 2308 privetis
1272 2250 1460 2308 pietatis
1489 2250 1593 2294 offl-

884 2309 969 2353 ciis
1001 2310 1170 2355 sedulo
1208 2310 1407 2355 navavit.
1464 2308 1592 2353 Hinc

884 2369 1124 2427 descripta
1144 2369 1357 2414 emnium
1380 2367 1594 2424 indigen-

886 2429 1003 2473 tium
1012 2427 1208 2473 nemina
1218 2429 1346 2485 apud
1357 2441 1407 2472 se
1416 2426 1592 2472 habere

886 2487 1044 2539 veluit,
1095 2495 1146 2532 ut
1207 2487 1407 2544 singulis
1454 2500 1592 2532 accu-

885 2547 1032 2592 retius
1069 2546 1367 2591 succurreret.
1437 2546 1594 2602 Repa-

885 2607 1046 2652 rendis
1077 2606 1233 2656 etiam.
1271 2604 1594 2662 ornandisque

885 2665 1088 2710 basilicis
1129 2665 1288 2718 Urbis,
1335 2663 1593 2722 praecipue

889 2725 1194 2769 Lateranensi
1305 2724 1593 2782 patriarchio

885 2784 1125 2828 liberalem
1139 2798 1332 2829 manum
1346 2782 1586 2841 appesuit.

883 2851 928 2888 et
962 2844 1100 2888 nullis
1129 2842 1397 2901 sumptibus
1425 2843 1591 2900 peper-

884 2903 962 2949 cit.
1032 2903 1158 2949 lnito
1191 2905 1384 2949 demum
1415 2901 1603 2948 decimo
