2050 3392
515 262 608 316 De
630 261 807 316 Anno
829 263 885 315 et
906 258 1032 330 ejus
1047 262 1323 332 partibus.
1612 265 1682 320 xi.

195 406 394 441 sumatur
433 398 575 441 littera
626 397 906 442 Dominioelis

193 463 369 492 currens
399 448 507 492 infra
533 459 676 492 tamen
695 451 905 503 Epaetam

191 512 452 550 currentem,
470 500 531 544 ita
548 511 596 543 ut
613 501 651 543 si
665 501 806 543 littera
819 503 907 543 Do-

191 552 404 594 minioelis
432 566 604 594 currens
631 552 866 604 reperiatur
882 568 907 593 e

191 603 365 654 regione
387 604 579 655 EpaCtae
597 604 821 653 currentis,
841 618 907 645 as-

186 656 397 696 sumenda
417 654 473 695 sit
491 657 642 696 eadem
660 655 802 696 littera
820 656 908 697 Do·

186 706 400 747 minicalis
461 705 654 766 proxime
718 706 901 747 inferior.

190 757 304 798 Nam
322 772 349 798 e
376 772 557 818 regione
583 757 714 808 hujus
741 757 906 799 litterae

189 808 474 851 Dominioehs
492 808 638 850 omnia
667 809 795 850 Festa
820 823 907 850 mo·

184 859 283 901 bilia
301 859 596 902 continentur.

230 911 512 964 Exemplum.
602 911 728 952 Anno
792 913 901 953 1606.

188 961 351 1021 Epac'ta
379 972 450 1004 est
480 960 556 1003 xxi
576 972 619 1003 et
648 961 790 1021 littera
817 962 906 1004 Do·

185 1013 391 1055 mmioelis
406 1014 458 1051 Α.
513 1012 561 1055 Si
580 1012 713 1064 igitur
726 1027 770 1053 m
785 1013 906 1054 tabu-

184 1064 221 1104 la
237 1065 326 1106 anti
360 1080 421 1106 ua
440 1074 642 1106 sumatur
659 1063 799 1105 littera
818 1064 906 1105 Do-

184 1115 336 1157 minioe
354 1131 392 1157 is
414 1115 469 1156 Α.
489 1129 605 1167 quae
632 1115 769 1167 primo
796 1115 905 1175 infra

188 1166 393 1218 Epadkam
421 1166 502 1208 xxi
532 1166 730 1215 occurrit,
752 1180 905 1217 repen·

184 1226 273 1258 etur
301 1233 325 1259 e
358 1218 545 1270 regione
580 1217 710 1268 hujus
740 1216 905 1258 litterae

184 1269 407 1311 Dominioe
440 1268 800 1320 Septuagesimae
836 1268 905 1310 die

185 1333 230 1359 22
263 1320 478 1370 januarii,
513 1319 607 1360 dies
643 1319 846 1361 Cinerum
860 1323 903 1379 ,8

189 1370 417 1420 Februarii,
458 1370 634 1413 Pascha
661 1373 710 1411 26
740 1371 903 1420 Martii,

183 1421 381 1465 Ascensio
402 1420 590 1465 Domini
604 1437 629 1471 4
651 1421 776 1473 Maji,
799 1422 905 1463 Pen-

183 1480 358 1514 tecostes
370 1490 417 1534 ¹4
430 1472 614 1523 Maji,et
620 1473 793 1513 Festum
803 1473 904 1515 Cor-

186 1523 292 1572 poris
311 1524 473 1567 Chnsti
493 1538 548 1575 25
565 1523 691 1574 Maji.
711 1523 904 1565 Domini-

188 1587 255 1615 cae
281 1585 426 1617 autem
454 1576 571 1616 inter
606 1575 902 1624 Pentecosten,

187 1634 224 1665 et
236 1627 485 1668 Adventum
500 1640 554 1668 eo
574 1639 689 1667 anno
701 1635 824 1667 erunt
838 1629 901 1674 28,

188 1684 226 1716 et
243 1677 468 1720 Adventus
486 1676 778 1721 celebrabitur
795 1677 865 1719 die
881 1692 904 1729 3

192 1727 460 1771 Decembris:
489 1739 534 1772 et
553 1728 620 1770 sic
637 1730 692 1770 de
709 1727 898 1770 caeteris.

194 1778 295 1820 Item
321 1794 435 1821 anno
458 1784 571 1840 1605.
600 1779 638 1819 E
793 1789 858 1821 est
876 1795 903 1820 x

190 1837 228 1886 et
253 1830 393 1872 littera
421 1829 711 1873 Dominicalis
728 1831 772 1880 b,
792 1845 904 1891 quae

190 1893 230 1920 ιη
260 1882 403 1923 tabula
438 1881 656 1934 reperitur
681 1896 705 1923 e
732 1896 776 1923 re
808 1896 904 1923 ione

196 1930 374 1989 Epaetae
390 1948 428 1974 x.
451 1933 605 1985 Quare
618 1896 826 1974 sumenga
839 1944 903 1974 est

191 1981 268 2022 aha
287 1982 424 2025 littera
441 1985 486 2033 b,
505 1998 624 2036 quae
634 1983 829 2043 proxime
844 1983 903 2025 in-

192 2030 251 2072 fra
271 2033 475 2084 Epadtam
496 2036 732 2083 invemtur,
753 2049 777 2075 e
796 2035 903 2085 regi-

195 2094 267 2123 one
285 2086 405 2143 cujus
419 2086 616 2127 invenies
633 2085 903 2137 septuagesi-

196 2145 298 2174 mam
308 2136 375 2176 d1e
384 2138 409 2177 6
422 2136 544 2178 Febr.
555 2136 691 2185 ‚diem
701 2136 903 2178 cinerum

196 2195 241 2233 23
262 2184 292 2223 F
294 2186 398 2235 ebr.,
419 2187 592 2229 Pascha
612 2203 660 2228 10
678 2188 800 2238 Apr.‚
821 2187 896 2229 διο.

245 2234 490 2280 Notandum
508 2249 660 2280 autem
687 2249 767 2287 est,
787 2240 902 2289 quod

198 2288 545 2344 quemadmodum
580 2288 623 2330 in
651 2303 766 2330 anno
792 2303 903 2331 com-

199 2346 321 2393 m⁰P¹¹
340 2340 516 2381 cadente
536 2341 683 2382 littera
711 2340 903 2381 Domini·

199 2385 306 2444 cah-e
316 2388 484 2438 regione
494 2391 692 2443 Epad'tae
702 2390 744 2431 in
757 2391 903 2431 tabula

200 2445 379 2488 antiqua,
407 2442 589 2483 sumitur
615 2443 770 2483 eadem
796 2442 904 2482 litte-

204 2497 244 2544 ra
261 2489 444 2545 proxima
470 2491 579 2534 infra
609 2493 837 2543 Epaetam,
857 2503 904 2533 ut

204 2535 375 2595 diximus
399 2541 487 2583 :ita
545 2558 690 2595 noque
718 2542 764 2583 in
791 2557 903 2584 anno

206 2585 420 2643 Bissextili,
440 2593 476 2635 si
495 2609 521 2634 a
538 2604 704 2635 terutra
723 2594 904 2634 duarum

204 2635 424 2683 litterarum
442 2644 782 2687 Dominicalium
805 2656 907 2686 tunc

208 2692 449 2748 currentium
470 2711 494 2736 e
513 2696 689 2747 regione
713 2695 905 2746 Epaetae

208 2749 437 2795 repenatur,
473 2748 763 2788 assumendae
808 2756 906 2787 sunt

207 2787 306 2845 aliae
323 2793 428 2850 duae
446 2795 605 2839 similes
625 2799 796 2839 litterae
814 2810 908 2846 pro-

212 2849 313 2896 Χξφε
338 2844 561 2897 mseriores,
581 2860 631 2890 ut
662 2849 795 2889 Festa
824 2860 908 2887 mo-

215 2886 304 2930 bilia
319 2890 588 2941 inveniantur.

1027 397 1097 439 Ex
1114 398 1263 441 tabula
1278 414 1381 442 vero
1400 400 1595 443 Paschali
1613 416 1688 444 no-

975 463 1030 489 va
1047 449 1107 490 ita
1125 453 1278 492 adem
1298 452 1425 494 Festa
1437 452 1610 494 mobilia
1623 468 1687 495 re-

1029 501 1201 560 rientur.
1221 551 1231 561 ⁶
1262 503 1314 543 In
1341 504 1493 545 cellula
1521 504 1685 547 litterae

1048 552 1256 594 mmicahs
1278 554 1485 596 currentis
1540 570 1688 597 uaera-

975 612 1045 643 tur
1074 604 1238 655 Epadta
1272 619 1458 647 currens.
1564 621 1634 647 am
1660 622 1684 648 e

974 653 1135 694 direcfto
1171 655 1313 696 omnia
1352 657 1478 699 Festa
1513 658 1686 699 mobilia

974 706 1353 756 deprehendentur.
1378 708 1441 750 Ut
1458 723 1570 750 anno
1589 712 1685 761 1609

974 755 1014 796 in
1035 757 1188 797 cellula
1214 758 1377 800 litterae
1405 760 1685 801 Dominicalis

973 807 1016 855 d,
1055 816 1158 849 tunc
1200 810 1406 852 currentis
1450 826 1474 852 e
1510 812 1683 862 regione

974 858 1165 909 Epaetae
1216 859 1320 901 xxiv
1369 876 1480 913 quae
1532 864 1683 904 eodem

971 923 1085 969 anno
1116 910 1259 960 currit,
1287 911 1469 954 habetur
1504 914 1683 965 Septua-

971 973 1135 1010 gemma
1161 962 1230 1003 die
1259 977 1305 1014 15
1336 964 1570 1013 Februarii,
1591 965 1683 1006 dies

973 1011 1176 1070 Cinerum
1206 1029 1231 1063 4
1260 1013 1425 1064 Martii,
1447 1015 1613 1057 Pascha
1634 1030 1682 1067 19

971 1062 1146 1114 Aprilis,
1166 1064 1242 1106 &a

1024 1113 1110 1155 Sed
1129 1115 1217 1156 sive
1244 1115 1435 1168 antiqua,
1455 1116 1545 1159 sive
1572 1132 1683 1159 nova

972 1165 1119 1206 tabula
1139 1166 1333 1208 paschali
1361 1179 1546 1218 utamur,
1567 1168 1683 1210 inve·

971 1216 1127 1258 nienda
1141 1231 1237 1258 sunt
1251 1218 1394 1259 omnia
1406 1220 1533 1260 Festa
1551 1219 1684 1261 mobi-

972 1267 1028 1308 lia
1055 1267 1098 1308 in
1124 1268 1246 1310 annis
1285 1269 1581 1311 Bissextilibus
1608 1285 1684 1322 per

972 1316 1154 1360 litteram
1173 1320 1484 1362 Dominicalem
1509 1322 1684 1372 posteri-

970 1383 1101 1418 orem,
1114 1384 1225 1421 quae
1237 1371 1434 1412 nimirum
1445 1373 1575 1414 currit
1587 1381 1684 1424 post

974 1421 1147 1462 Festum
1155 1422 1290 1462 saneti
1301 1422 1348 1462 M
1353 1423 1494 1464 athiae
1502 1427 1685 1474 Aposto-

971 1470 1013 1520 li,
1035 1486 1088 1512 ne
1107 1472 1268 1514 scilicet
1285 1473 1567 1525 ambigamus,
1588 1484 1684 1515 utra

971 1524 1152 1564 duarum
1164 1523 1398 1565 litterarum
1439 1539 1486 1566 ro
1501 1525 1685 1573 hoc.aut

971 1573 1044 1614 illo
1066 1575 1193 1615 Festo
1212 1574 1397 1625 indagan
1430 1590 1456 1616 o
1473 1576 1685 1628 accipien-

970 1625 1027 1665 da
1044 1624 1100 1665 sit
1117 1637 1127 1666 :
1149 1625 1208 1666 ita
1227 1636 1434 1673 tamen,ut
1449 1627 1684 1678 Septuage-

970 1675 1102 1717 simae
1116 1685 1159 1717 et
1171 1675 1256 1718 diei
1271 1675 1471 1719 Cinerum
1487 1678 1684 1721 inventae

972 1726 1014 1767 in
1032 1727 1241 1777 Januario
1259 1738 1335 1768 aut
1358 1728 1589 1771 Februario
1607 1732 1680 1771 ad-

971 1779 1100 1818 datur
1131 1792 1239 1818 unus
1267 1778 1370 1819 dies.
1430 1780 1558 1831 Quod
1587 1780 1683 1822 ideo

974 1828 1018 1868 fit
1037 1828 1139 1880 quia
1156 1840 1256 1870 ante
1287 1829 1401 1871 diem
1420 1831 1461 1872 S.
1488 1831 1683 1873 Mathiae

971 1879 1102 1921 currit
1111 1879 1229 1939 prior
1237 1879 1374 1922 littera
1387 1881 1681 1932 Dominicalis,

971 1945 1081 1982 quae
1110 1945 1151 1972 m
1185 1931 1443 1973 Kalendario
1478 1933 1683 1984 posterio-

971 1996 1058 2022 rem
1072 1996 1240 2033 semper
1257 1983 1474 2034 sequitur:
1495 1995 1589 2036 post
1607 1985 1640 2025 F
1641 2000 1683 2025 e-

969 2044 1082 2073 stum
1100 2043 1244 2074 autem
1265 2034 1306 2075 S.
1328 2035 1522 2075 Mathiae
1541 2035 1582 2075 in
1606 2036 1683 2077 Fe-

970 2083 1155 2133 bruario,
1185 2084 1283 2125 licet
1310 2085 1516 2136 posterior
1542 2086 1682 2127 littera

969 2135 1302 2183 currat‚additur
1315 2147 1455 2177 tamen
1475 2147 1576 2178 tunc
1590 2137 1681 2178 dies

970 2184 1245 2234 intercalaris,
1266 2185 1325 2228 ita
1343 2198 1390 2227 ut
1408 2188 1499 2228 dies
1527 2203 1572 2239 24
1607 2188 1640 2228 F
1641 2203 1684 2230 e·

969 2236 1127 2277 bruarii
1155 2237 1324 2278 dicatur
1350 2253 1413 2288 25,
1441 2249 1485 2279 et
1512 2238 1603 2280 dies
1632 2253 1679 2289 25

969 2287 1137 2329 dioetur
1165 2290 1229 2337 26,
1258 2289 1333 2330 διο.
1368 2291 1494 2340 Quod
1524 2289 1560 2330 si
1589 2290 1681 2331 dies

970 2338 1172 2380 Cinerum
1208 2341 1335 2380 cadat
1372 2339 1415 2380 in
1453 2341 1678 2388 Martium,

968 2389 1072 2431 nihil
1090 2391 1337 2431 addendum
1356 2400 1434 2438 est,
1455 2391 1557 2442 quia
1581 2402 1682 2433 tunc

969 2451 1010 2480 et
1042 2440 1183 2482 littera
1218 2441 1427 2492 posterior
1459 2442 1604 2491 currit,
1638 2453 1681 2483 et

968 2491 1059 2532 dies
1089 2492 1245 2533 mensis
1281 2492 1460 2543 propriis
1496 2494 1681 2534 numeris

969 2545 1238 2601 respondent,
1260 2558 1359 2584 cum
1385 2542 1478 2583 dies
1504 2543 1682 2585 interca·

969 2594 1067 2634 laris
1116 2594 1346 2635 Februario
1391 2593 1447 2633 sit
1490 2594 1675 2636 additus.

973 2645 1063 2685 Imo
1093 2645 1174 2685 nisi
1205 2660 1280 2696 per
1310 2643 1584 2695 posteriorem
1619 2646 1684 2686 lit·
1710 2668 1716 2674 ·

971 2705 1103 2736 teram
1123 2695 1495 2745 investigarentur,
1516 2708 1598 2735 non
1622 2696 1681 2737 in-

971 2746 1185 2787 veniretur
1212 2749 1325 2787 recte
1360 2745 1684 2795 septuagesima

972 2796 1013 2836 in
1022 2811 1133 2838 anno
1146 2795 1362 2838 Bissextili
1372 2807 1563 2852 currente
1575 2799 1610 2837 E
1671 2821 1686 2828 ·

973 2848 1041 2889 δὶα
1065 2848 1166 2889 xxiv
1185 2849 1253 2888 vel
1271 2859 1359 2887 xxv
1378 2855 1420 2886 et
1440 2845 1577 2887 littera
1641 2863 1685 2889 o·

940 2923 942 2950 1
974 2898 1156 2940 minicali
1177 2901 1219 2947 d,
1241 2912 1279 2947 c,
1300 2907 1349 2939 ut
1368 2896 1411 2935 in
1432 2899 1616 2938 secundo
1634 2913 1685 2939 ac
