2050 3392
218 266 338 323 Die
357 282 399 322 2
419 268 592 339 Nou,
619 271 696 325 II.
723 272 813 327 die
836 274 941 345 inf
972 275 1084 330 052.
1112 277 1364 330 omnium
1383 278 1572 331 Sauli.
1606 292 1708 349 509

217 404 542 451 sinceritatem
557 405 668 453 fidei
688 408 934 457 inconcus·
997 412 1104 458 cul:
1142 427 1271 460 mors
1305 427 1460 472 neque
1495 414 1705 474 corporis

217 464 283 510 sis
350 467 714 525 praeceptorum
785 471 934 516 coele·
997 486 1154 531 neque
1174 474 1363 520 Animae
1382 475 1482 526 erit.
1511 477 1596 521 sed
1617 476 1705 521 im-

218 524 364 570 stium
383 526 647 585 disciplinis
658 529 793 575 unita
812 544 932 589 pace
996 534 1297 581 mortalitatis
1357 534 1550 581 munere
1609 536 1706 583 vita

216 586 601 633 observaverunt.

284 644 354 688 ic.
387 646 667 693 Praecursor
688 648 797 694 Dfli.
824 664 924 709 501.

464 721 627 772 Lectio
651 739 688 768 v.

372 798 524 845 RGO
545 796 673 857 agite
693 814 820 846 nunc
840 800 929 847 fra-

425 866 532 910 tres,
597 860 929 918 aggrediamur

215 916 307 962 iter
347 918 486 969 vitae,
533 919 821 965 revertamur
864 923 928 967 ad

213 976 460 1023 civitatem
481 978 745 1031 coelestem,
762 981 810 1025 in
832 994 928 1039 qua

211 1037 379 1094 scripti
411 1052 586 1091 sumus,
614 1048 660 1084 et
691 1041 815 1086 cives
845 1041 928 1087 de-

210 1096 344 1142 creti.
414 1098 528 1144 Non
567 1112 733 1145 sumus
767 1099 926 1158 hospi-

210 1165 301 1209 teS.
321 1156 408 1202 sed
429 1158 553 1205 cives
573 1158 858 1211 sanctorum.
878 1169 923 1206 et

209 1217 467 1263 domestici
497 1218 600 1269 Dei.
628 1218 772 1265 etiam
799 1220 924 1266 illius

208 1276 455 1329 haeredes.
503 1278 791 1325 cohaeredes
841 1294 924 1326 au-

208 1345 311 1381 tem
342 1336 532 1384 Christi.
600 1338 758 1397 Hujus
785 1340 923 1386 nobis

206 1396 342 1442 urbis
374 1396 547 1454 jainuas
582 1399 758 1457 aperiet
794 1400 923 1446 forti-

207 1456 330 1501 tudo
347 1470 356 1501 :
374 1465 420 1502 et
436 1456 612 1504 fiducia
626 1458 771 1504 latum
789 1473 923 1517 prae-

205 1515 340 1561 bebit
364 1516 640 1575 ingressum.
693 1518 923 1565 Conside-

207 1575 369 1621 remus
398 1590 512 1635 ergo
542 1577 764 1637 inclytam
793 1580 920 1625 urbis
1004 1595 1024 1619 η
1068 1605 1088 1625 ι

208 1634 334 1681 ἰ111ιιε
372 1634 654 1689 felicitatem.
687 1638 735 1683 in
771 1652 920 1698 quan·
954 1667 956 1686 ι
1004 1629 1024 1699 ζ
1088 1633 1113 1653 ’“’

207 1704 312 1742 tum
355 1696 655 1743 considerare
694 1699 919 1757 possibile
1006 1713 1022 1725 ‘
1105 1699 1173 1727 —'‘

204 1763 278 1801 est
299 1770 309 1801 :
333 1765 386 1802 ut
407 1757 534 1803 enim
555 1772 661 1803 vere
681 1766 764 1810 est,
793 1773 920 1805 corn-

204 1815 500 1873 prehendere
555 1818 711 1864 nullus
760 1833 918 1866 sermo

205 1875 426 1922 sufficiet.

277 1929 348 1987 R]-
362 1937 447 1982 Isti
468 1945 578 1984 sunt
594 1939 688 1996 qui.
711 1953 809 1998 502.

447 2010 612 2057 Lec'tio
635 2010 691 2055 vi.

199 2078 432 2261 pC
447 2085 576 2131 ITU
591 2086 635 2132 R
675 2088 737 2133 de
770 2101 829 2134 ea
866 2087 914 2132 in

394 2147 606 2203 quodam
656 2146 764 2193 loco
812 2148 881 2194 sic
902 2161 913 2193 :

247 2206 349 2251 uod
371 2204 584 2264 aufugiet
605 2207 669 2252 ibi
690 2207 839 2260 dolor,
866 2215 915 2254 et

198 2265 391 2311 tristitia
414 2273 470 2311 et
499 2265 718 2323 gemitus.
784 2267 913 2323 Quid

198 2325 289 2370 hac
328 2325 425 2370 vita
459 2325 654 2377 beatius,
692 2327 774 2372 ubi
815 2340 912 2373 non

196 2393 271 2430 est
296 2385 592 2443 paupertatis
617 2394 785 2437 metus.
813 2400 912 2432 non

197 2443 510 2502 aegritudinis
582 2446 914 2493 imbecillitas?

197 2503 361 2550 Nemo
411 2504 636 2558 laedetur.
685 2506 912 2553 irascetur

196 2576 341 2609 nemo
362 2577 372 2608 :
395 2577 538 2610 nemo
559 2566 751 2618 invidet,
777 2566 910 2624 cupi·

195 2623 322 2670 ditas
343 2623 474 2669 nulla
492 2626 753 2672 exardescit
775 2640 786 2672 ε
809 2627 911 2671 nul-

194 2684 293 2730 lum
316 2683 382 2728 ibi
405 2684 690 2731 desiderium
715 2686 911 2733 honoris

194 2744 367 2801 pulsat.
403 2752 486 2789 aut
524 2745 775 2803 potestatis
809 2759 910 2791 am-

195 2803 331 2850 bitio.
407 2803 585 2851 Nullus
624 2804 690 2851 ibi
731 2804 908 2852 diaboli

195 2872 365 2917 metus»,
391 2863 599 2910 insidiae
617 2864 908 2911 daemonum

194 2922 365 2976 nullae,
373 2931 525 2970 terror
537 2922 786 2982 gehennae
800 2937 910 2988 pro·

990 591 1219 650 jucunda.

1057 653 1130 708 Rs.
1157 654 1328 701 Sane'ti·
1342 656 1448 701 mei.
1477 669 1577 715 502.

1089 729 1144 773 In
1179 729 1313 778 tertio
1346 728 1605 780 Noc‘tumo.

995 802 1163 849 Lectio
1183 804 1334 851 sanc‘ti
1365 806 1610 865 Evangelii
1630 822 1702 854 se-

1065 863 1275 911 cundum
1302 866 1616 914 Matthaeum.

1025 938 1193 985 Lectio
1210 942 1283 985 vii.
1485 944 1595 1003 Cap.
1622 958 1664 990 v.

995 1000 1147 1080 ΤΝ
1164 1012 1245 1058 illo
1266 1012 1496 1072 tempore:
1519 1015 1699 1062 Videns

1030 1101 1033 1103 —
1119 1072 1260 1133 jesus
1281 1075 1458 1126 turbas,
1484 1074 1697 1121 ascendit

992 1133 1036 1175 in
1072 1143 1308 1185 montem:
1331 1141 1378 1180 et
1408 1148 1519 1179 cum
1549 1134 1697 1181 sedIS-

990 1201 1072 1243 set,
1127 1192 1422 1240 accesserunt
1470 1195 1535 1240 ad
1585 1209 1695 1241 eum

990 1253 1205 1308 ciis-cipuli
1229 1255 1342 1311 ejus.
1391 1254 1452 1300 Et
1471 1254 1665 1313 reliqua.

1010 1313 1082 1355 De
1107 1313 1319 1359 Homilia
1338 1314 1490 1360 santsti
1510 1314 1675 1374 Augu-

1155 1373 1262 1418 stini
1287 1374 1526 1432 Episcopi.

988 1431 1067 1473 [ix
1092 1433 1169 1475 XM.
1205 1449 1237 1475 1.
1267 1434 1324 1477 de
1349 1435 1572 1480 Sermone
1597 1436 1692 1481 Do·

1008 1495 1135 1533 νείκε’
1159 1495 1207 1535 iu
1235 1497 1395 1543 monte,
1403 1500 1502 1553 cap.
1515 1494 1543 1539 i.
1560 1498 1603 1540 et
1622 1496 1667 1541 ii.

1024 1551 1044 1575 2
1066 1553 1121 1559 “·
1153 1553 1213 1605 ,ἰν-’1
1227 1552 1303 1597 [ΞΟ
1324 1551 1515 1598 aliunde
1539 1554 1693 1599 omni-

1103 1627 1107 1629 ·
1239 1624 1301 1656 no
1326 1611 1532 1669 incipere
1553 1612 1692 1671 opor-

1173 1691 1193 1711 f
1239 1671 1325 1716 tuit
1337 1670 1694 1726 beatitudinem,

1129 1729 1157 1753 *¹
1176 1763 1190 1765 -
1237 1743 1381 1788 quam
1422 1745 1452 1777 a
1491 1746 1693 1791 pauper-

984 1790 1078 1834 tate
1102 1792 1305 1846 spiritus.
1332 1791 1567 1849 siquidem
1590 1807 1691 1851 per-

984 1850 1179 1894 ventura
1229 1858 1298 1897 cst
1342 1852 1407 1897 ad
1453 1866 1690 1898 summam

982 1912 1277 1968 sapientiam.
1315 1911 1508 1958 Initium
1530 1921 1691 1958 autem

982 1972 1237 2026 sapientiae
1277 1972 1420 2018 timor
1460 1972 1689 2019 Domini:

982 2030 1205 2086 quoniam
1223 2039 1269 2076 et
1287 2045 1316 2077 e
1335 2031 1586 2085 contrario,
1603 2033 1691 2078 ini-

982 2092 1096 2134 tium
1109 2094 1261 2136 onmis
1274 2092 1454 2150 peccati
1470 2093 1692 2152 superbia

980 2152 1209 2196 scribitur.
1288 2151 1488 2210 Superbi
1528 2160 1688 2199 autem

978 2210 1209 2266 appetunt
1239 2219 1284 2257 et
1313 2213 1517 2270 diligunt
1540 2226 1689 2270 regna

980 2270 1219 2314 terrarum.
1256 2271 1388 2317 Beati
1402 2272 1557 2316 mites:
1571 2270 1689 2329 qud-

980 2330 1105 2374 niam
1125 2332 1209 2386 ipsi
1231 2330 1518 2376 haereditate
1538 2331 1689 2388 possi-

978 2390 1357 2435 de'buntterram.
1393 2390 1529 2434 Illam
1543 2390 1687 2434 credo

976 2457 1164 2501 terram,
1190 2452 1251 2494 de
1281 2463 1378 2507 qua
1408 2449 1456 2494 in
1493 2448 1686 2493 Psalmo

977 2507 1167 2553 dicitur:
1182 2508 1302 2566 Spes
1314 2522 1422 2554 mea
1440 2521 1490 2553 es
1504 2507 1686 2565 tu‚p‹.¹›r-

976 2567 1044 2612 tio
1064 2580 1172 2612 mea
1192 2568 1240 2612 in
1265 2576 1389 2613 terra
1411 2566 1680 2614 viventium.

975 2626 1221 2684 Significat
1255 2628 1382 2672 enim
1422 2627 1684 2684 quamdam

974 2684 1263 2731 soliditatem
1299 2694 1345 2732 et
1381 2686 1684 2732 stabilitatem

974 2745 1277 2791 haereditatis
1307 2746 1577 2805 perpetuae,
1603 2748 1684 2794 ubi

972 2805 1135 2851 Anima
1145 2818 1230 2864 per
1241 2806 1422 2852 bonum
1437 2807 1680 2862 affectum,

973 2873 1221 2934 tamquam
1246 2866 1354 2913 loco
1385 2881 1474 2914 suo
1500 2868 1684 2928 requie-

971 2933 1075 2979 scit,
1088 2932 1209 2973 sicut
1222 2939 1397 2988 corpus
1411 2927 1461 2974 in
1474 2935 1596 2976 terra
1609 2942 1621 2974 ε
1638 2935 1685 2976 et
