2050 3392
410 286 580 356 Infra
605 285 780 339 Hebd.
799 286 1055 356 primam
1082 287 1433 342 Novembris.

171 437 234 468 ex
272 421 356 472 eis.
397 427 446 465 et
480 433 578 465 non
605 432 665 464 ex
693 417 887 476 pepulo,

172 495 334 540 neque
354 494 413 525 ex
434 478 595 525 sdnitu
622 478 786 524 ebrum
813 492 825 523 τ
846 486 892 524 et

173 555 277 586 non
295 540 381 585 erit
399 539 585 597 requies
601 540 650 583 in
671 539 752 583 eis.
802 538 893 583 Ve-

172 602 246 646 nit
265 608 472 656 tempuS,
494 597 892 656 appropinquzivit

173 661 295 705 dies:
315 660 397 716 qui
410 659 541 710 emit,
560 672 658 703 non
675 656 889 702 laetetur:

172 727 222 764 et
244 719 326 776 qui
347 719 525 769 vendit.
568 730 664 763 non
693 716 852 775 hageat
881 733 890 762 :

174 779 291 836 quia
312 779 382 823 ira
402 790 548 834 super
578 790 772 822 omnem
808 777 892 834 ρό·

174 837 342 896 pulum
360 838 476 895 ejus.
543 837 671 891 Quia
686 836 767 894 qui
783 850 892 881 ven·

173 898 262 947 dit.
295 898 358 942 ad
396 897 461 947 id.
491 896 624 953 quod
659 895 886 948 vendidit,

175 969 277 1000 non
299 955 567 1007 revertetur,
593 963 640 1000 et
663 956 821 1001 adhuc
843 957 891 1001 in

175 1015 445 1061 viventibus
465 1015 561 1059 vita
580 1014 761 1061 edmm.

244 1082 315 1141 R7,
352 1075 489 1120 Misit
531 1074 768 1120 deinus
800 1075 896 1119 An-

174 1134 337 1193 gelum
378 1148 531 1187 suum,
577 1141 626 1180 et
662 1133 890 1180 conclt'isit

175 1207 262 1239 ora
282 1192 475 1239 lebnam
503 1208 513 1238 :
541 1200 569 1224 θ(-
587 1195 650 1239 Et
666 1206 764 1238 non
780 1207 892 1238 con-

176 1253 528 1298 taminaverunt
555 1267 566 1299 ε
588 1254 704 1310 quia
729 1266 889 1298 coram

175 1326 238 1358 eo
254 1312 485 1371 injustitia
497 1312 692 1357 inventa
707 1326 803 1357 non
819 1321 890 1358 est

176 1372 224 1416 in
247 1386 340 1417 me.
389 1377 464 1441 y
489 1372 622 1417 Misit
645 1371 779 1417 Deus
806 1374 891 1417 mi-

177 1432 483 1477 seriedrdiam
495 1444 648 1484 suam,
663 1439 712 1476 et
726 1430 892 1477 verita·

178 1499 277 1535 tem
299 1504 437 1536 suam
457 1504 468 1536 :
499 1491 713 1536 Animam
735 1505 889 1536 meam

177 1550 355 1607 eripuit
371 1550 430 1595 de
445 1549 603 1595 medio
624 1551 888 1597 mtuldrum

179 1609 518 1655 lebnam—Et
554 1623 666 1657 non.
731 1611 892 1661 Gldria

180 1669 324 1717 Patri.
382 1670 447 1716 Et
467 1683 578 1718 non.
834 1679 837 1682 '

246 1736 571 1795 Responsoria
592 1736 734 1794 hujus
755 1750 895 1793 quar-

181 1806 260 1843 tae
314 1798 353 1841 F
355 1798 479 1841 eriae
527 1804 803 1853 repetuntur
847 1798 894 1841 in

180 1859 286 1902 aliis
329 1858 515 1915 quartis
560 1858 705 1904 Feriis
744 1871 895 1915 usque

183 1920 245 1965 ad
266 1919 556 1963 Adventum.

449 2013 627 2021 --ι

284 2080 488 2125 FERIA
509 2077 794 2134 QUINTA.

209 2157 289 2202 De
325 2155 570 2201 Ezechiele
605 2154 858 2213 Propheta.

581 2240 693 2299 Cap.
720 2240 812 2285 xiii.

279 2439 364 2494 7⁴52,
406 2451 407 2508 ᾗ
450 2444 644 2490 dicens:
681 2444 765 2488 Fili
808 2443 891 2489 hd-

193 2515 264 2544 μή
451 2504 602 2555 minis,
638 2504 891 2548 vaticinare

175 2563 246 2608 ad
297 2563 556 2620 prophetas
605 2563 762 2615 Israel,
808 2565 888 2620 qui

174 2623 489 2681 prophetant:
500 2629 548 2667 et
557 2623 687 2667 dices
696 2623 893 2680 prophe·

176 2682 396 2727 mutibus
417 2683 479 2726 de
493 2683 637 2728 corde
659 2696 773 2729 suo:
794 2683 892 2727 Au·

176 2741 284 2787 dite
326 2743 525 2788 verbum
567 2742 678 2788 Dfii.
752 2743 889 2788 Haec

174 2802 296 2847 dicit
328 2801 568 2848 deinus
595 2802 758 2847 Deus:
788 2802 892 2848 Vae

173 2861 428 2918 prophetis
448 2860 788 2918 insipientibus,
810 2863 890 2920 qui

176 2919 449 2982 sequfintur
483 2920 702 2980 spiritum
734 2935 884 2974 suum,

303 3093 435 3138 Pars
461 3092 507 3139 A
513 3091 799 3139 utumnalis.

1557 288 1660 359 263

957 427 1002 465 et
1025 420 1137 465 nihil
1156 421 1329 467 vident.
1397 422 1545 478 Quasi
1563 425 1661 469 vul-

958 493 1044 537 pes
1071 480 1118 524 in
1152 481 1360 534 desertis,
1401 482 1663 540 prophetae

957 540 1024 583 tui
1043 540 1184 585 Israel
1198 549 1345 587 erant.
1374 541 1489 587 Non
1502 555 1664 586 ascen-

956 598 1092 643 distis
1138 614 1195 644 ex
1241 601 1455 652 adverso,
1509 613 1660 658 neque

957 659 1247 716 opposuistis
1265 674 1451 705 murum
1472 674 1557 718 pro
1574 662 1660 706 do-

957 731 1037 762 mo
1083 719 1238 771 Israel,
1285 726 1336 764 ut
1386 721 1571 765 staretis
1615 721 1661 766 in

958 777 1137 834 praelio
1155 779 1202 822 in
1219 778 1296 822 die
1314 779 1522 825 Dcsmini.
1581 780 1661 825 Vi·

956 838 1070 881 dent
1086 850 1219 887 vana,
1239 848 1285 883 et
1300 839 1512 885 divinant
1530 854 1660 884 men-

956 897 1161 949 dacium,
1190 897 1427 942 dicentes:
1459 899 1539 944 Ait
1563 899 1661 945 D&-

956 956 1139 1001 minus:
1174 970 1281 1000 cum
1306 957 1541 1003 Deminus
1564 972 1660 1003 non

957 1015 1135 1061 miserit
1167 1030 1283 1061 eos:
1320 1024 1367 1061 et
1398 1030 1662 1073 persevera-

957 1074 1121 1120 verunt
1166 1074 1443 1120 confirmate
1485 1076 1662 1122 sermd-

956 1148 1082 1180 nem.

1019 1202 1093 1262 137,
1116 1193 1228 1239 Vidi
1252 1193 1525 1241 deinum.
1553 1206 1654 1253 259.

1200 1296 1367 1345 Lee’tio
1386 1297 1430 1343 ii.

1101 1372 1387 1428 UMQUID
1404 1387 1500 1419 non
1523 1373 1661 1420 visid-

962 1378 1099 1537 Ϊὲ
1126 1448 1235 1478 nem
1256 1447 1442 1478 cassam
1459 1433 1655 1485 vidistis,

954 1497 1000 1535 et
1102 1492 1403 1539 ivinatidnem
1466 1492 1661 1538 menda·

953 1564 1059 1595 cem
1098 1551 1244 1597 loctiti
1285 1553 1430 1597 estis?
1461 1560 1508 1597 et
1546 1552 1661 1597 dsci-

957 1610 1029 1662 tis,
1058 1611 1124 1656 ait
1147 1611 1384 1656 Deminus
1405 1626 1414 1656 :
1437 1625 1547 1656 cum
1568 1626 1660 1668 ego

956 1683 1054 1715 non
1070 1670 1158 1715 sim
1170 1669 1370 1715 loct'ltus.
1408 1670 1661 1727 Propterea

958 1730 1078 1774 haec
1099 1730 1214 1774 dicit
1237 1728 1474 1774 deinus
1498 1730 1629 1774 Deus
1648 1745 1658 1775 :

957 1789 1085 1843 Quia
1119 1787 1263 1833 loct'iti
1300 1789 1411 1832 estis
1441 1802 1575 1840 vana,
1614 1798 1660 1835 et

958 1848 1143 1893 vid1stis
1182 1848 1518 1893 mendzicium:
1551 1848 1661 1893 ideo

956 1922 1068 1953 ecce
1097 1921 1189 1966 ego
1209 1908 1273 1953 ad
1294 1922 1391 1959 vos,
1419 1907 1531 1953 dicit
1562 1908 1662 1954 Βό-

959 1969 1113 2013 minus
1132 1968 1289 2014 Deus:
1308 1968 1370 2013 Et
1387 1968 1472 2012 erit
1489 1981 1660 2014 manus

958 2041 1065 2072 mea
1097 2041 1239 2085 super
1269 2026 1539 2085 prophetas,
1577 2029 1659 2085 qui

957 2087 1116 2132 vident
1167 2101 1302 2139 vana,
1349 2094 1396 2132 et
1447 2087 1659 2132 divinant

955 2147 1283 2191 menddcium:
1302 2147 1348 2191 in
1361 2130 1559 2203 consiiio
1575 2146 1662 2204 ρό-

955 2206 1054 2263 puli
1088 2207 1181 2250 mei
1212 2219 1307 2251 non
1343 2214 1492 2258 erunt,
1517 2214 1581 2251 et
1612 2207 1659 2250 in

955 2264 1189 2323 scripn'ira
1212 2266 1384 2310 domus
1401 2266 1545 2323 Israel
1562 2279 1660 2309 non

955 2326 1228 2378 scribentur,
1271 2339 1357 2371 nec
1398 2326 1445 2369 in
1483 2325 1660 2369 ‘terram

959 2385 1102 2430 Israe'l
1117 2385 1437 2442 ingredientur
1459 2399 1468 2427 z
1486 2392 1532 2427 et
1547 2383 1661 2427 scie-

955 2445 1014 2489 tis
1031 2445 1144 2501 quia
1157 2457 1249 2502 ego
1259 2443 1658 2489 DcsminusDeus:

958 2504 1031 2548 Eo
1060 2505 1191 2561 quod
1220 2503 1487 2560 deceperint
1508 2501 1662 2558 pepu-

956 2565 1055 2607 lum
1080 2577 1254 2614 meum,
1289 2562 1523 2606 dicentes:
1545 2561 1655 2611 Pax,

955 2631 1002 2668 et
1020 2637 1116 2667 non
1134 2630 1204 2667 est
1220 2635 1340 2679 pax:
1358 2629 1404 2665 et
1421 2621 1522 2678 ipse
1534 2620 1663 2664 aedi-

958 2683 1131 2726 ficdbat
1152 2681 1396 2739 parietem,
1420 2679 1482 2723 illi
1499 2686 1660 2723 autem

955 2741 1185 2785 liniebant
1216 2753 1325 2784 eum
1347 2739 1449 2784 luto
1483 2738 1663 2797 absque

955 2800 1119 2860 paleis.

1017 2867 1095 2928 127,
1131 2859 1307 2917 Aspice
1347 2857 1553 2905 deine
1598 2858 1661 2903 de

955 2921 1082 2967 sede.
1110 2930 1212 2977 259.
