2050 3392
215 270 331 325 Die
355 270 391 326 6
413 272 584 341 Nou,
617 274 703 329 Vl.
725 277 814 331 die
839 279 941 350 ins
966 281 1080 337 0⁶²2.
1102 283 1354 337 omnium
1378 285 1565 340 Sanc‘Z
1600 301 1699 357 519

209 417 264 455 ut
280 422 406 467 quos
419 410 615 458 solemni
628 414 926 463 veneratiene

206 470 562 529 prosequimur,
601 474 744 520 etiam
784 476 922 521 simili

207 532 572 579 conversatidne
621 534 875 593 sequamur
913 552 922 583 :

208 604 338 649 quos
359 592 657 640 beatissimos
684 597 924 653 praedica-

208 665 335 705 mus,
373 651 437 697 ad
467 653 632 700 eerum
672 655 923 702 beatitudi-

207 725 320 757 nem
367 720 470 759 tota
507 715 732 761 aviditate
768 730 923 763 curra-

207 785 360 817 mus:
392 786 598 830 quorum
633 775 923 823 delee'tamur

206 830 493 890 praeceniis,
520 834 813 882 sublevemur
843 837 922 884 εό-

206 904 315 937 rum
338 894 624 951 patrociniis,

342 952 655 1001 -Praecursor
676 956 785 1003 Dfii
813 969 914 1017 501.

459 1027 498 1072 L
502 1026 625 1073 eetio
642 1042 682 1075 v.

253 1103 410 1149 Serm.
437 1118 478 1149 v.
503 1105 561 1150 de
577 1106 868 1166 eodcmsesto,

380 1178 512 1209 cerea
535 1166 753 1212 medeam.

443 1226 560 1282 quid
589 1240 703 1285 ergo
731 1228 918 1274 Sanc'tis

388 1282 492 1330 laus
513 1287 784 1333 nostra?ad
802 1290 916 1347 quid

206 1339 491 1401 glorificatio
511 1347 779 1393 nostra?ad
801 1350 916 1407 quid

207 1410 374 1449 nostra
414 1404 531 1451 haec
560 1406 664 1465 ipsa
699 1408 916 1454 solemni-

206 1470 284 1508 tas
305 1464 327 1509 ?
357 1463 469 1519 Quo
498 1466 564 1512 eis
593 1467 800 1513 terrenos
830 1469 916 1514 ho-

204 1523 361 1575 neres,
388 1537 511 1581 quos
538 1526 672 1583 Juxta
701 1542 914 1574 veracem

207 1582 314 1628 Fssii
358 1585 714 1641 promissienern
766 1588 914 1635 hono-

205 1642 359 1689 rfficat
385 1644 521 1690 Pater
538 1647 784 1694 coelestis?
803 1648 915 1706 Quo

205 1705 272 1750 eis
305 1705 558 1763 praecenia
587 1710 788 1754 nostra?
816 1711 914 1755 Ple-

204 1764 252 1808 ni
305 1774 430 1811 sunt.
499 1765 693 1813 Prorsus
738 1770 804 1815 ita
843 1778 913 1816 est

205 1824 536 1872 dileetissimi:
565 1828 800 1875 bonerum
831 1844 915 1876 no-

205 1884 410 1931 strerum
433 1886 593 1932 Saneti
626 1902 722 1935 non
754 1899 908 1948 egent,

204 1958 292 1991 nec
334 1947 595 2005 quidquam
635 1950 700 1994 eis
751 1960 913 1998 nostra

205 2005 458 2052 devotiene
477 2008 750 2065 praestatur.
810 2009 915 2056 Pla-

203 2079 276 2118 ne,
297 2066 430 2124 quod
449 2066 612 2114 eerurn
634 2070 911 2116 memeriam

203 2125 493 2180 veneramur,
519 2137 682 2175 nostra
702 2130 906 2184 interest,
986 2161 1024 2171 ·-
1036 2189 1038 2192 .
1115 2189 1119 2195 ἱ
1191 2174 1207 2189 1

202 2199 301 2231 non
323 2185 548 2244 ipserum.
613 2189 767 2236 Vultis
795 2191 913 2236 scire
994 2207 1074 2247 ,..--·
1203 2233 1205 2242 .

202 2254 437 2304 quantum
478 2248 667 2295 interest
706 2252 912 2297 nostra?
993 2266 1002 2308 j

202 2305 311 2364 Ego
343 2306 391 2352 in
421 2321 498 2353 me
529 2306 708 2368 (fateor)
732 2323 790 2356 ex
818 2310 910 2357 hac
992 2318 1004 2340 '³
1038 2314 1044 2320 '

199 2366 528 2414 recordatiene
555 2369 707 2416 sentio
728 2371 910 2418 deside-

199 2427 327 2472 rium
344 2427 592 2474 vehemens
608 2429 904 2484 inflammari,

199 2494 248 2532 et
306 2487 554 2534 esiderium
577 2490 756 2548 triplex.

335 2545 448 2594 ·Isti
471 2557 580 2594 sunt
601 2550 696 2608 qui.
724 2562 822 2608 502.

443 2609 606 2662 Lec'tio
628 2612 683 2659 vi.

348 2696 535 2744 ULGO
551 2698 723 2745 dicitur
737 2714 747 2745 z
762 2699 906 2755 Quod

362 2771 462 2804 non
482 2759 611 2804 videt
627 2757 806 2812 eculuS,
825 2774 906 2806 cor

197 2828 298 2863 non
333 2819 476 2865 dolet.
542 2818 720 2865 Oculus
754 2834 902 2874 meus,

197 2878 428 2926 memeria
458 2893 566 2924 mea
593 2892 602 2924 :
624 2887 669 2925 et
700 2881 907 2938 cogitare

198 2938 261 2984 de
287 2939 502 2997 ,Sanctis
549 2939 907 2998 quodemmodo

988 432 1071 464 eos
1093 420 1249 465 videre
1268 429 1351 466 est.
1418 421 1496 467 Sic
1524 437 1695 493 nempe

989 478 1144 547 pertio
1166 488 1326 526 nostra
1341 482 1388 526 in
1405 489 1527 527 terra
1541 484 1696 530 viven-

990 539 1123 592 tium.
1141 553 1228 585 nec
1249 540 1439 587 medica
1458 556 1573 589 sane
1588 544 1695 602 per-

988 598 1069 651 tio,
1092 599 1130 644 si
1155 608 1328 653 tamen,
1350 610 1402 647 ut
1428 603 1576 656 decet,
1599 618 1694 651 me·

987 658 1188 705 meriam
1210 636 1399 709 affeetio
1415 663 1690 718 comitetur:

987 719 1069 771 sic,
1130 721 1340 779 inquam,
1398 724 1691 771 conversatio

987 787 1151 826 nostra
1164 781 1210 825 in
1224 782 1367 828 coelis
1380 791 1463 829 est.
1494 784 1691 830 Verum-

987 846 1145 885 tamen
1176 853 1273 886 non
1304 843 1371 887 sic
1402 852 1576 897 nostra,
1603 846 1690 890 sic-

986 907 1039 944 ut
1066 899 1267 946 illerum.
1318 901 1535 959 Ipserum
1562 906 1689 950 enim

986 959 1251 1006 substantia
1297 962 1360 1006 ibi
1405 971 1490 1016 est,
1528 973 1690 1010 nostra

984 1027 1144 1064 autem
1176 1020 1440 1067 desiderio:
1484 1023 1572 1081 ipsi
1604 1038 1688 1083 per
1729 1064 1733 1068 .

984 1080 1311 1137 praesentiam,
1318 1095 1407 1127 nos
1420 1096 1502 1140 per
1512 1082 1689 1129 meme·

983 1140 1102 1185 riam
1122 1140 1185 1186 ibi
1207 1154 1383 1187 sumus.

1048 1187 1121 1249 RV·
1140 1200 1302 1247 Saneti
1324 1202 1430 1248 mei.
1456 1214 1558 1261 502.

1089 1268 1144 1314 In
1166 1265 1303 1317 tertio
1324 1265 1586 1319 NoeturnO.

985 1349 1148 1398 Lee‘tio
1178 1350 1327 1397 saneti
1352 1352 1595 1412 Evangelii
1616 1368 1688 1399 se-

1058 1410 1268 1457 cundum
1292 1412 1605 1460 Matthaeum.

1017 1477 1183 1528 Lecffio
1204 1481 1276 1527 vii.
1460 1490 1571 1548 Cap
1598 1505 1639 1537 v,

1019 1552 1051 1655 Ι
1086 1560 1126 1603 Ν
1147 1559 1228 1606 illo
1249 1561 1487 1619 tempore:
1505 1563 1685 1608 Videns

1098 1619 1248 1688 Jesus
1299 1621 1475 1673 turbas,
1523 1622 1680 1668 ascen-

978 1679 1046 1725 dit
1095 1680 1143 1725 in
1192 1688 1443 1734 montem;
1486 1689 1531 1727 et
1572 1695 1681 1728 cum

979 1739 1189 1790 sedisset.
1258 1716 1555 1786 accesserunt
1620 1743 1683 1787 ad

977 1813 1086 1844 eum
1113 1799 1331 1858 discipuli
1360 1801 1475 1858 ejus.
1528 1801 1591 1848 Et
1614 1801 1685 1847 re-

977 1861 1005 1904 li
1044 1875 1119 1906 ua.

997 1875 1073 1966 ge
1096 1920 1311 1966 Homilia
1328 1922 1478 1968 saneti
1499 1923 1664 1981 Augu-

1137 1982 1245 2027 stini
1270 1982 1509 2041 Episcopi.

980 2043 1022 2083 l?
1024 2059 1058 2085 ι
1090 2043 1169 2085 [el.
1205 2057 1237 2085 τ.
1260 2043 1315 2088 de
1342 2044 1567 2090 Sermone
1588 2045 1683 2090 Do-

1026 2119 1149 2165 ,ve-em
1177 2119 1227 2145 m
1252 2108 1415 2156 monte,
1442 2111 1540 2163 cap.
1568 2105 1625 2150 ἰν.

1029 2369 1032 2370 ⁷
1062 2342 1199 2382 ’”·’“’-;
1241 2354 1309 2388 tes
1362 2345 1679 2413 numeremus,

975 2402 1155 2458 primus
1195 2402 1258 2447 ibi
1299 2411 1369 2448 est
1400 2403 1541 2449 timor
1573 2404 1679 2456 Dei,

974 2461 1184 2507 secunda
1200 2461 1365 2520 pietas,
1383 2462 1520 2508 tertia
1536 2463 1683 2509 scien-

973 2522 1053 2573 tia,
1080 2530 1251 2579 quarta
1280 2521 1522 2575 fortitudo,
1548 2523 1684 2581 quin-

973 2589 1075 2626 tum
1115 2582 1379 2634 consilium,
1417 2590 1575 2627 sextus
1614 2583 1683 2628 in-

973 2640 1200 2692 telleetus,
1214 2641 1417 2700 septima
1433 2642 1677 2700 sapientia.

973 2701 1141 2745 Timor
1163 2700 1252 2746 Dei
1284 2702 1499 2759 cengruit
1528 2701 1681 2747 humi-

973 2761 1111 2813 libuS,
1126 2760 1186 2805 de
1202 2761 1375 2819 quibus
1393 2763 1467 2807 hic
1483 2762 1679 2808 dicitur:

977 2795 1111 2866 Beati
1161 2835 1396 2880 pauperes
1456 2823 1623 2881 spIritu
1669 2836 1680 2868 ε

974 2879 1200 2938 queniam
1252 2882 1464 2941 ipserum
1504 2890 1575 2929 est
1613 2897 1685 2929 re-

973 2954 1123 3004 gnum
1166 2942 1402 2989 coelerum
1450 2957 1461 2990 τ
1503 2945 1552 2989 id
1596 2951 1680 2994 est,
