2050 3392
322 260 423 332 564
447 253 559 315 Die
581 274 651 329 23
677 259 845 324 Nov„
865 257 926 310 S.
958 254 1272 322 Clementis,
1291 254 1485 324 Papae
1503 253 1684 307 Mart.

317 393 537 441 virtfitem
566 406 761 452 quoque
788 390 1024 450 passionis

317 455 568 503 imitemur.
619 454 705 499 Per
728 451 1004 498 Dominum.

388 510 558 554 Postea
573 506 1035 552 fitCommemoratio

325 570 373 614 S.
402 569 649 617 Caeciliae.
669 567 752 612 Vir
789 600 798 610 .
819 575 866 612 et
881 566 1027 610 Mart.

323 630 447 673 Asia.
460 631 609 688 Virgo
620 629 739 688 glori
774 642 829 674 sa
841 641 1028 686 semper

320 691 632 748 Evangelium
674 688 850 734 Christi
896 687 1028 745 gere-

316 753 401 796 bat
433 751 480 794 in
512 748 706 806 peotore
728 761 831 798 suo,
858 755 907 792 et
929 759 1028 791 non

319 810 488 855 diebus
530 821 686 865 neque
734 805 958 852 nootibus
998 818 1030 849 a

318 867 567 924 colloquiis
619 865 791 911 divinis
835 873 883 910 et
923 877 1030 910 ora-

320 927 449 974 tione
470 925 701 971 cessabat.

383 978 640 1039 ,V-Difffisa
651 992 721 1030 est
734 984 888 1042 gratia
900 983 948 1028 in
963 983 1031 1028 la-

320 1045 411 1091 biis
420 1045 529 1090 tuis.
540 1041 608 1087 RJ.
619 1044 875 1102 Propterea
888 1044 1031 1088 bene-

322 1105 444 1150 dixit
466 1112 513 1150 te
535 1104 667 1149 Deus
687 1104 736 1148 in
757 1102 1017 1148 aete'rnum.

386 1159 567 1205 Oratio.
581 1164 729 1214 Deus,
748 1163 829 1220 qui
845 1175 935 1206 nos
946 1160 1032 1206 An-

324 1237 423 1270 nua
442 1223 610 1268 beatae
631 1222 880 1267 Caeciliae.
908 1221 1010 1278 562.

386 1278 572 1322 Deinde
617 1275 668 1320 fit
705 1276 1028 1321 Commemor.

328 1338 374 1383 S.
418 1337 686 1386 Felicitatis,
727 1337 870 1383 Mart.
908 1338 1028 1380 Ana.

323 1400 486 1446 Simile
493 1407 565 1445 est
574 1412 773 1458 regnum
788 1397 1031 1445 coelorum

320 1460 501 1505 homini
554 1458 836 1517 negotiatori
887 1471 1033 1515 quae-

322 1519 442 1565 renti
493 1520 646 1564 bonas
696 1518 978 1575 margaritas
1020 1531 1030 1561 :

322 1578 515 1625 inventa
534 1592 632 1624 una
651 1577 872 1636 pretiosa,
899 1577 1032 1622 dedit

323 1639 486 1685 omnia
519 1652 621 1692 sua,
656 1646 704 1684 et
738 1636 1033 1694 comparavit

325 1714 447 1745 eam.

383 1754 444 1813 ΙΨ.
468 1757 636 1817 Specie
651 1766 748 1810 tua,
766 1765 812 1802 et
830 1754 1035 1814 pulchri-

324 1817 489 1863 todine
530 1825 627 1863 tua.
686 1815 760 1870 RJ.
811 1815 1028 1866 Intende,

324 1876 547 1935 prospere
562 1874 782 1934 procede,
802 1883 849 1920 et
865 1888 1028 1933 regna.

584 1948 768 1994 Oratio.

465 2021 700 2067 RAESTA
742 2036 1034 2080 quaesumus

491 2082 625 2126 omni
694 2088 797 2127 tens
860 2082 994 2126 Deus
1021 2096 1033 2127 ε

324 2148 380 2186 ut
412 2140 582 2186 beatae
657 2139 873 2186 elicitatis
905 2140 1035 2185 Mar-

325 2200 441 2258 tyris
472 2207 583 2245 tuae
615 2201 848 2247 solemnia
876 2214 1036 2246 recen-

326 2260 497 2312 sentes
519 2260 695 2305 meritis
710 2260 862 2317 ipsius
878 2267 1036 2317 prote-

324 2319 496 2377 gdmur
537 2327 584 2366 et
625 2320 855 2379 precibus.
944 2318 1037 2363 Per
1107 2306 1143 2324 “’

327 2377 605 2426 Dominum.

381 2436 459 2479 Ad
507 2435 814 2480 'Matutinum
870 2435 1032 2480 omnia

323 2496 544 2551 usquead
561 2495 1032 2546 Leo-”tiones‚deCom-

323 2556 452 2597 muni
465 2557 604 2598 unius
619 2555 854 2612 Martyris.
873 2557 1029 2602 xxviii.

416 2628 469 2672 In
493 2631 646 2685 primo
671 2628 938 2674 Nocsturno.

385 2701 635 2747 Lefftiones
702 2704 762 2747 de
831 2703 1035 2747 Actibus

321 2760 677 2814 Apostolorum.
724 2763 1035 2821 AMileto,de

322 2816 592 2917 (jonitrnuni.
627 2841 733 2871 χχχ,
751 2835 861 2864 curn
892 2822 1027 2877 RJRJ.

323 2885 375 2915 Ut
398 2891 442 2917 ΙΙΙ
466 2891 528 2919 l‘fl.

1096 402 1099 405 ·
1165 387 1242 441 [ἐκ
1264 388 1290 432 i.
1309 387 1491 434 Orante
1512 387 1682 434 sancito
1702 387 1815 434 Cle-

1095 447 1269 511 mente,
1303 448 1528 506 apparuit
1565 448 1608 492 ei
1637 449 1814 506 Agnus

1095 509 1184 554 Dei
1207 523 1218 554 ε
1307 508 1383 552 De
1411 509 1503 553 sub
1524 508 1662 565 cujus
1683 509 1814 566 pede

1093 569 1201 614 sons
1220 568 1352 613 vivus
1367 567 1576 618 emanat,
1598 566 1812 612 finiminis

1093 627 1301 685 impetus
1315 627 1541 672 laetificat
1563 627 1810 672 civitatem

1096 687 1201 732 Dei.
1230 682 1292 740 ,V-
1307 687 1416 730 Vidi
1432 700 1580 744 supra
1591 694 1808 732 montem

1093 747 1289 804 Agnum
1321 746 1688 791 stantem.—De
1720 746 1808 791 sub

1095 807 1230 850 cu'us
1250 806 1385 863 pede.

1151 820 1233 917 ᾖξ’.
1271 863 1315 907 ii.
1346 863 1531 910 Omnes
1564 878 1664 910 una
1689 877 1807 909 voce

1069 923 1312 970 >dixerunt
1348 938 1358 968 ε
1401 922 1502 970 Ora
1538 937 1633 1007 pro
1670 924 1807 968 nobis

1097 984 1263 1030 santste
1277 983 1512 1036 Clemens,
1583 983 1651 1028 Ut
1674 983 1805 1040 digni

1095 1042 1356 1088 efficiamur
1409 1041 1806 1101 promissionibus

1097 1102 1286 1147 Christi.
1344 1097 1406 1158 ,ῗῖ
1430 1101 1547 1148 Non
1569 1103 1688 1146 meis
1710 1103 1806 1146 me-

1096 1163 1195 1207 ritis
1209 1161 1273 1207 ad
1292 1174 1378 1206 vos
1397 1174 1475 1206 me
1495 1161 1624 1206 misit
1642 1161 1807 1208 Domi-

1097 1235 1187 1266 nus
1227 1221 1393 1266 vestris
1429 1219 1621 1267 coronis
1660 1221 1806 1279 parti-

1097 1282 1253 1386 ciffiper}
1303 1281 1420 1326 sieri.
1457 1306 1516 1312 —-
1551 1281 1621 1326 Ut
1673 1281 1803 1339 digni

1098 1355 1125 1386 e
1178 1354 1217 1385 ci
1253 1353 1371 1385 mur.

1162 1397 1233 1456 ΚΤ.
1258 1397 1317 1444 iii.
1352 1398 1553 1451 Dedisti,
1582 1397 1802 1450 Domine,

1099 1458 1421 1505 habitaculum
1476 1458 1677 1518 Martyri
1724 1466 1808 1503 tuo

1099 1518 1333 1564 Clementi
1346 1519 1396 1562 in
1406 1517 1591 1570 mari,in
1609 1520 1807 1563 modurn

1099 1578 1263 1636 templi
1288 1576 1555 1630 marmorei,
1583 1576 1807 1635 angelicis

1100 1637 1322 1683 manibus
1363 1636 1700 1694 praeparatum
1729 1649 1740 1681 t
1781 1633 1806 1691 ’ξ

1102 1698 1197 1744 Iter
1209 1696 1441 1755 praebens
1454 1694 1638 1754 populo
1647 1705 1808 1748 terrae,

1100 1765 1153 1802 ut
1184 1757 1401 1802 enarrent
1434 1756 1671 1801 mirabilia
1703 1762 1801 1801 tua.

1101 1814 1164 1874 ἵ,
1178 1814 1379 1867 Dedisti,
1395 1814 1617 1866 Domine,
1633 1814 1808 1859 sanctis

1099 1876 1194 1921 tuis
1213 1876 1339 1919 viam
1359 1874 1408 1919 in
1428 1874 1562 1928 mari,
1585 1882 1634 1919 et
1654 1874 1703 1918 in
1723 1874 1808 1918 flu-

1104 1936 1309 1980 minibus
1369 1932 1603 1979 semitam.
1631 1957 1691 1966 —
1714 1933 1806 1978 Iter

1102 1995 1348 2053 praebens.
1372 1990 1536 2039 Gloria
1547 1992 1690 2039 Patri.
1716 1992 1807 2038 Iter

1101 2053 1347 2114 praebens,

1164 2135 1218 2181 ln
1241 2135 1452 2181 secundo
1478 2134 1744 2183 Noo'turno.

1329 2211 1498 2257 Lectio
1519 2213 1577 2260 iv.

1183 2306 1185 2308 ·
1339 2290 1616 2334 LEMENS
1636 2290 1802 2336 Roma-

1171 2326 1315 2442 &34
1367 2366 1468 2400 nus,
1510 2350 1802 2420 Faustini'fi-

1119 2422 1313 2515 tal&
1367 2412 1578 2512 Ῑᾶῗξέιῡάθ
1616 2422 1802 2517 ιζῗὲιιιῗῗ

1103 2529 1365 2583 discipulus
1377 2529 1500 2572 beati
1520 2529 1656 2577 Petri,
1678 2529 1800 2585 cujus

1103 2589 1311 2631 meminit
1331 2589 1504 2631 Paulus
1522 2589 1730 2631 scribens
1746 2587 1800 2629 ad

1107 2647 1458 2703 Philippenses:
1498 2647 1656 2691 Etiam
1692 2659 1800 2701 rogo

1101 2715 1147 2749 et
1211 2715 1253 2749 te
1309 2707 1534 2763 germane
1594 2718 1794 2762 compar.

1101 2764 1277 2823 adjuva
1317 2766 1420 2809 illas
1458 2777 1584 2822 quae
1617 2775 1800 2808 mecum

1101 2823 1433 2870 laboraverunt
1453 2824 1501 2868 in
1523 2822 1794 2881 Evangelio,

1104 2896 1213 2929 eum
1243 2882 1502 2935 Clemente,
1530 2890 1577 2929 et
1608 2881 1801 2927 caeteris
