2050 3392
164 266 282 320 Die
295 266 372 321 18
384 269 555 337 Sept„
572 269 631 322 S.
656 267 945 339 Josephia
970 268 1019 322 C
1016 267 1290 336 upertinO,
1315 267 1362 320 C
1360 268 1471 336 ons.
1511 278 1616 330 407

135 400 238 447 sive
258 400 560 459 quacumque
589 401 684 447 alia
702 403 845 447 tribu-

134 461 316 506 latiene
349 461 579 511 vexatum,
616 470 843 520 quantum

136 520 191 564 in
226 520 331 577 ipso
367 528 479 572 erat,
507 521 637 565 illum
668 521 844 566 recrea-

136 580 236 624 bat.
304 580 409 624 Nec
444 580 581 624 alieni
617 587 749 625 erant
784 581 845 625 ab

138 639 241 695 ejus
282 639 525 690 charitate.
568 640 645 696 qui
690 640 844 697 objur-

138 698 423 756 gatienibus,
451 699 647 756 probris,
670 699 845 744 omnis-

139 770 236 813 que
270 758 455 815 generis
482 757 659 815 injuriis
691 760 843 816 ipsum

138 817 414 874 appeterent
431 831 441 870 ;
459 831 568 862 nam
581 818 749 863 eadem
762 832 844 876 pa·

140 876 316 928 tientia,
344 876 718 928 mansuetudine,
747 878 845 922 vul·

139 934 311 992 iusque
331 936 565 981 hilaritate
586 937 697 982 talia
725 938 844 982 exci-

140 995 313 1052 piebat,
362 1009 458 1052 qua
498 1003 567 1041 tot
610 997 741 1048 inter,
788 1010 846 1041 ac

138 1061 296 1099 tantas
365 1055 707 1101 vicissitudines
775 1069 845 1100 re·

139 1113 391 1170 splenduit,
434 1116 549 1159 dum
582 1115 651 1159 vel
684 1116 846 1161 mode·

136 1173 348 1218 ratetum
386 1173 562 1220 drdinis
582 1175 655 1218 vel
685 1188 846 1220 sacrae

141 1232 467 1289 Inquisitienis
483 1235 617 1291 J'ussu
632 1235 721 1279 hac
740 1235 845 1279 illae

137 1291 291 1336 errare
332 1293 600 1351 versarique
649 1293 844 1339 coaetus

136 1358 220 1395 est.
289 1351 594 1409 Quamquam
622 1366 733 1398 vero
760 1353 844 1410 ρό-

136 1410 235 1468 puli
277 1424 376 1456 non
418 1412 583 1464 solum,
631 1414 713 1457 sed
762 1413 842 1457 viri

136 1470 374 1528 principes
390 1471 611 1516 eximiam
625 1472 725 1529 ejus
739 1486 844 1517 san-

135 1527 364 1583 etitatem,
385 1539 432 1575 et
453 1531 659 1587 superna
670 1531 844 1576 charis-

135 1597 267 1634 mata
298 1590 668 1644 admirarentur:
697 1605 755 1636 ea
774 1592 844 1636 ni-

135 1647 393 1694 hileminus
429 1657 528 1694 erat
562 1650 837 1704 humilitate,

134 1716 185 1753 ut
218 1722 448 1767 magnum
472 1723 523 1755 se
545 1711 841 1768 peccaterem

133 1768 361 1826 reputans
399 1769 555 1813 Deum
591 1770 727 1815 enixe
763 1772 841 1815 de-

135 1828 420 1885 precaretur,
462 1836 515 1875 ut
556 1843 643 1874 sua
681 1831 744 1875 ab
785 1843 842 1875 eo

132 1886 334 1932 illustria
374 1888 505 1933 dona
541 1889 802 1934 removeret
831 1904 841 1943 ς

133 1946 354 1993 hemines
384 1961 497 1993 vero
526 1950 751 1999 exoreret,
790 1958 840 1995 ut

131 2007 181 2051 in
233 2020 344 2051 eum
395 2007 552 2052 locum
602 2008 840 2054 mertuum

131 2066 233 2122 ejus
262 2079 435 2123 corpus
477 2066 732 2124 injicerent,
760 2069 840 2112 ubi

132 2126 366 2172 memeria
416 2126 487 2170 sui
537 2134 660 2172 esset
711 2141 841 2185 pror-

131 2198 211 2230 sus
244 2186 510 2231 obliterata.
591 2187 657 2231 At
692 2187 834 2238 Deus,

131 2245 211 2301 qui
245 2245 382 2302 ponit
406 2244 605 2291 humiles
627 2246 674 2290 in
695 2246 842 2291 subli-

129 2318 220 2355 me,
248 2304 427 2362 quique
463 2318 647 2349 servum
681 2318 833 2357 suum,

128 2365 247 2409 dum
298 2364 489 2413 viveret,
537 2364 725 2409 coelesti
768 2378 841 2410 sa-

127 2423 322 2481 pientia,
344 2423 607 2481 prophetia,
624 2422 838 2469 cerdium

126 2482 515 2539 perscrutandae,
545 2482 838 2528 curatienum

124 2541 293 2600 gratia,
353 2542 647 2599 caeterisque
702 2544 840 2587 donis

125 2602 505 2647 cumulatissime
516 2601 832 2651 exornaverat,

96 2702 102 2707 .
125 2662 227 2718 ejus
241 2674 436 2718 quoque
448 2668 648 2706 mortem
662 2661 728 2711 iis,
738 2662 839 2718 qui-

124 2722 216 2765 bus
237 2721 339 2778 ipse
360 2721 503 2765 Antea
526 2720 831 2777 praedixerat,

125 2780 246 2831 loco,
262 2794 319 2825 ac
332 2780 559 2837 tempore,
574 2794 701 2825 anno
714 2780 840 2825 aeta-

127 2840 186 2884 tis
207 2853 323 2884 suae
342 2838 641 2896 sexagesimo
667 2840 833 2896 primo,

123 2898 319 2944 Auximi
333 2899 384 2943 in
401 2898 573 2944 Piceno
586 2898 839 2958 pretiesam

908 399 1618 458 reddiditsepulchrumqueglo-

909 461 1101 506 riesum.
1117 460 1254 504 Illum
1263 460 1467 517 denique
1475 460 1616 504 etiam

911 528 1017 577 post
1031 520 1214 566 ebitum
1230 520 1464 565 mireculis
1486 533 1615 565 coru·

910 580 1072 624 scente
1097 579 1380 624 Benedietus
1403 588 1612 637 quartus·

909 639 1121 684 decimus
1183 639 1450 690 Bessum-um,
1514 639 1612 684 Cle-

910 712 1044 744 mens
1086 699 1460 744 tertiusdecimus
1501 700 1613 744 San-

908 757 1093 803 &dmm
1146 759 1278 804 fastis
1329 759 1577 817 adscripsit
1604 774 1614 812 ς

909 819 1009 875 eJus
1027 825 1187 862 autem
1203 818 1425 869 officium,
1448 828 1494 864 et
1508 820 1611 865 mis-

909 890 1010 920 sam
1046 878 1263 922 Clemens
1297 879 1610 935 quartusdeci-

910 949 1016 980 mus
1066 935 1275 992 ejusdem
1324 936 1502 982 &rdinis
1552 940 1614 983 ad

909 995 1174 1040 universam
1226 995 1487 1041 Ecclesiam
1538 1011 1608 1041 ex-

910 1055 1074 1100 tendit.

965 1110 1038 1167 R7.
1093 1115 1187 1160 Iste
1238 1115 1385 1160 homo
1422 1115 1614 1172 perfecit

908 1174 1071 1219 emnia
1090 1187 1214 1231 quae
1248 1173 1432 1219 loeutus
1466 1182 1538 1219 est
1571 1175 1611 1219 ei

910 1233 1054 1283 Deus,
1082 1241 1128 1278 et
1150 1234 1266 1278 dixit
1288 1234 1349 1278 ad
1372 1247 1481 1278 eum
1502 1248 1511 1278 :
1537 1234 1608 1278 In·

908 1291 1103 1349 gredere
1153 1293 1200 1337 in
1259 1293 1466 1350 requiem
1517 1307 1609 1338 me·

908 1363 986 1396 am
1008 1348 1061 1396 t*
1087 1352 1212 1407 Quia
1232 1361 1278 1397 te
1308 1353 1401 1397 vidi
1431 1354 1611 1409 J'ustum

909 1425 1071 1456 coram
1086 1425 1164 1457 me
1178 1425 1235 1457 ex
1251 1412 1472 1458 &mnibus
1499 1411 1609 1468 gen·

909 1471 1049 1516 tibus.
1099 1464 1160 1521 W·
1192 1472 1286 1518 Iste
1308 1480 1377 1516 est
1399 1472 1479 1528 qui
1500 1485 1610 1516 con·

908 1530 1099 1588 tempsit
1110 1530 1254 1575 vitam
1264 1531 1442 1580 mundi,
1451 1537 1498 1574 et
1506 1544 1607 1588 per·

908 1590 1033 1634 venit
1055 1591 1118 1634 ad
1139 1589 1362 1635 eoelestia
1386 1602 1601 1645 regna.—

908 1649 1048 1705 Quia.
1081 1643 1249 1694 Gloria
1273 1648 1412 1694 Patri.
1449 1647 1587 1703 Quia.

998 1720 1054 1765 ln
1076 1720 1217 1766 tertio
1240 1716 1502 1765 Noeturno.

910 1796 1078 1843 Leetio
1098 1794 1249 1841 saneti
1273 1796 1516 1854 Evangelii
1543 1810 1610 1841 se-

985 1856 1203 1902 cundum'
1220 1856 1533 1901 Matthaeum.

936 1924 1105 1974 Letffio
1127 1926 1202 1974 vii.
1332 1933 1443 1991 Cap.
1470 1933 1577 1977 xxii.

907 1988 1061 2111 IN
1101 2006 1181 2051 illo
1218 2004 1430 2063 tempore
1466 2020 1476 2051 :
1516 2006 1607 2051 Lo·

1042 2065 1280 2123 quebatur
1305 2065 1447 2128 Jesus
1483 2066 1609 2110 Prin-

905 2123 1092 2182 cipibus
1163 2125 1486 2176 Sacerdetum,
1563 2133 1610 2170 et

910 2184 1170 2229 Pharisaeis
1198 2186 1246 2229 in
1280 2185 1519 2242 parabolis
1539 2185 1607 2229 di·

906 2256 1015 2287 cens
1055 2258 1065 2288 :
1108 2244 1267 2289 Simile
1319 2244 1496 2290 saelum
1538 2252 1609 2288 est

904 2316 1103 2359 regnum
1145 2304 1386 2349 coelerum
1430 2303 1609 2348 heimini

904 2362 1014 2419 regi,
1043 2364 1123 2419 qui
1153 2362 1262 2407 fecit
1292 2362 1483 2419 nuptias
1509 2362 1610 2406 silio

905 2435 1005 2466 suo.
1046 2423 1106 2466 Et
1128 2422 1320 2478 reliqua.

908 2481 1072 2526 Homil
1078 2481 1121 2525 ia
1136 2482 1182 2526 S.
1199 2479 1414 2537 Gregerii
1433 2479 1603 2535 Papae.

905 2540 1006 2584 Lib.
1024 2554 1066 2585 2.
1082 2540 1418 2583 Homiliarum
1440 2539 1608 2581 Homi-

917 2600 989 2643 lia
1004 2600 1187 2658 xn-cxviii.
1217 2599 1346 2642 circa
1369 2596 1592 2643 medium.

919 2680 977 2718 νιν,

1039 2656 1294 2716 g—iUlA
1341 2657 1453 2714 jam,
1517 2657 1608 2701 lare

979 2686 1084 2758 ffl-
1120 2716 1138 2772 i„
1172 2717 1327 2774 giente
1379 2716 1602 2768 Demino,

959 2750 1046 2825 ²:¹1»,
1080 2779 1104 2827 ᾗ
1132 2787 1138 2822 “,
1174 2775 1442 2834 nuptiarum
1521 2777 1610 2821 do-

917 2821 941 2859 4'
1122 2843 1138 2877 .·
1174 2849 1314 2887 mum,
1343 2836 1394 2881 id
1413 2843 1485 2881 est
1506 2850 1610 2881 san-

904 2900 1032 2943 ctam
1068 2896 1344 2947 Ecclesiam,
1384 2896 1619 2969 intrastis&
