2050 3392
279 412 321 458 5.
362 401 453 446 Per
487 402 676 459 signum
713 401 917 448 Crucis*

362 267 477 320 Die
498 283 571 336 14
594 270 764 340 Sept„
784 268 1180 326 2Exaltati0mze
1205 272 1268 326 S.
1300 273 1513 356 Crucis.
1590 289 1657 342 37
1667 288 1695 343 5

1044 403 1163 449 Sola
1183 404 1330 463 digna
1350 414 1402 456 tu
1423 407 1552 453 fuisti

213 461 278 505 de
323 460 528 505 inimicis
568 461 741 507 nostris
780 463 928 509 libera
993 462 1130 508 Ferre
1179 465 1344 509 mundi
1398 465 1693 520 Victimam;

212 532 307 565 nos
330 520 462 565 Deus
485 529 656 566 noster.

269 601 562 660 Capitulum.
605 598 790 655 Philip.
816 598 861 643 ii.

354 669 632 720 RATRES.
665 670 775 713 Hoc
800 670 925 714 enim

381 728 554 773 sentite
570 729 616 773 in
634 730 781 781 vobis,
796 732 924 787 quod

213 794 260 832 et
304 787 351 832 in
398 788 591 833 Christo
627 788 743 850 Jesu
784 803 794 834 :
844 792 922 846 qui

212 860 326 891 cum
369 848 415 891 in
460 848 614 892 forma
655 847 742 892 Dei
783 858 917 899 esset.

212 920 315 951 non
336 908 557 964 rapinam
579 907 833 953 arbitratus
853 918 922 954 est

213 979 319 1011 esse
340 980 391 1011 se
407 966 656 1023 aequalem
678 968 785 1013 Deo
807 982 817 1012 ι
840 969 922 1013 sed

212 1026 529 1084 semetipsum
544 1027 812 1079 exinanivit,
835 1027 923 1073 sor-

210 1099 345 1130 mam
397 1086 518 1129 servi
580 1086 829 1144 accipiens,
876 1089 922 1132 in

210 1144 573 1189 similitudinem
595 1146 842 1192 hominum
857 1147 923 1191 sa-

210 1204 333 1255 ctus,
362 1212 413 1249 et
435 1204 603 1250 habitu
632 1206 850 1251 inventus
871 1216 920 1251 ut

211 1264 378 1310 homo.

459 1343 695 1400 Hymnus.

363 1413 593 1458 USTRA
620 1427 703 1458 sex
725 1417 806 1471 qui
822 1416 920 1472 jam

390 1473 589 1530 peregit,

212 1530 436 1590 Tempus
456 1532 658 1590 implens
679 1532 901 1590 corporis,

213 1591 401 1648 Sponte
427 1591 576 1637 libera
612 1586 915 1650 Redemptor,

214 1650 433 1698 Passioni
456 1650 657 1705 deditus,

211 1711 382 1769 Agnus
409 1712 455 1757 in
471 1711 636 1772 Crucis
649 1711 833 1759 levetur

214 1771 549 1817 Immola'mdus
568 1772 739 1830 stipite.

274 1832 403 1880 Felle
423 1839 569 1888 potus
584 1845 693 1876 ecce
708 1833 915 1889 Languet,

212 1889 375 1947 Spina„
405 1890 541 1942 clavi,
568 1891 734 1943 lancea

214 1949 333 1994 Mite
354 1963 533 2007 corpus
555 1950 849 2007 persorerunt
870 1965 880 1995 :

218 2009 364 2056 Unda
384 2018 551 2065 manat
572 2018 618 2054 et
639 2023 777 2055 cruor
796 2023 805 2054 :

215 2068 375 2121 Terra,
404 2077 597 2128 pontus,
625 2077 766 2121 astra,
787 2083 921 2115 mun-

300 2130 407 2182 dus,

216 2188 325 2243 Quo
346 2188 566 2233 laventur
584 2186 801 2233 flumine!

276 2260 404 2302 Crux
426 2247 593 2298 fidelis,
616 2248 736 2293 inter
754 2261 921 2303 omnes

215 2306 369 2353 Arbor
389 2320 484 2352 una
509 2307 709 2353 nobilis:

215 2367 341 2412 Silva
361 2368 508 2412 talem
531 2367 662 2411 nulla
679 2366 855 2424 profert

217 2424 418 2479 Fronde,
446 2425 577 2476 flore,
603 2425 839 2482 germine:

217 2484 368 2531 Dulce
379 2486 569 2536 sermm,
577 2486 714 2529 dulce
722 2486 912 2542 lignum,

216 2543 366 2590 Dulce
388 2547 582 2604 pondus
603 2544 845 2589 sustinent.

277 2605 436 2652 Fleete
457 2618 617 2649 ramos
637 2605 777 2648 arbor
801 2606 911 2659 alta,

214 2662 375 2708 Tensa
395 2665 505 2709 laxa
526 2663 729 2715 viscera;

218 2722 276 2767 Et
300 2725 428 2781 rigor
450 2723 677 2768 lentescat
698 2724 785 2775 ille,

218 2782 369 2837 Quem
392 2784 528 2828 dedit
549 2782 770 2837 nativitas
791 2797 801 2835 ;

219 2841 276 2887 Et
309 2843 508 2901 superni?
534 2843 746 2888 membra
775 2843 918 2901 Regis

219 2899 382 2948 Tende
405 2903 508 2947 miti
531 2901 705 2959 stipite.
772 2950 781 2961 ,

990 523 1146 580 Atque
1185 533 1377 581 portum
1413 528 1694 583 praeparere

990 582 1114 626 Arca
1136 586 1316 629 mundo
1338 584 1583 643 naufrago,

988 641 1145 695 Quam
1160 656 1292 687 sacer
1302 658 1441 689 cruor
1458 645 1687 702 perunxit,

993 701 1145 747 Fusus
1164 703 1287 759 Agni
1310 704 1520 762 corpore.

1044 759 1345 819 Sempiterna
1365 764 1423 808 sit
1446 765 1616 811 beatae

988 820 1205 866 Triniteti
1227 823 1390 879 gloria,

986 879 1147 937 AEqua
1170 880 1310 933 Patri,
1340 882 1571 941 Filioque:

991 939 1081 982 Par
1104 939 1249 985 decus
1273 940 1503 988 paraclito
1523 958 1533 987 :

989 998 1146 1043 Unius
1167 1000 1396 1057 Trinique
1416 1015 1592 1048 nomeu

989 1058 1173 1103 Laudet
1190 1060 1479 1106 universitas.
1515 1062 1684 1109 Amen.

1046 1115 1109 1175 ΧΤ.
1134 1118 1406 1165 Αάοτέιπιιιε
1420 1129 1467 1166 te
1485 1121 1683 1175 Christe.

982 1191 1009 1222 e
1071 1178 1397 1225 benedicimus
1438 1180 1535 1227 tibi.
1613 1175 1688 1235 RJ.

1032 1238 1109 1282 uia
1136 1252 1220 1296 per
1241 1238 1441 1284 Crucem
1462 1248 1595 1286 tuam
1621 1255 1691 1286 re-

984 1298 1173 1344 demIsti
1195 1300 1441 1345 mundum.

1046 1356 1125 1403 Ad
1150 1356 1324 1404 Bened.
1370 1355 1493 1403 Ana.
1535 1361 1690 1418 Super

983 1415 1145 1461 omnia
1181 1417 1312 1475 ligna
1347 1418 1597 1466 cedrorum
1635 1429 1689 1466 tu

984 1477 1086 1520 sola
1113 1478 1350 1530 excelsior,
1390 1478 1437 1523 in
1467 1492 1564 1536 qua
1591 1480 1690 1525 vita

983 1536 1148 1580 mundi
1196 1537 1435 1594 pependit,
1492 1539 1540 1583 in
1589 1553 1688 1596 qua

985 1594 1201 1640 Christus
1260 1596 1576 1653 triumphent,
1639 1606 1687 1643 et

984 1668 1110 1701 mors
1143 1662 1345 1700 mortem
1366 1655 1609 1714 ⁴superavit
1639 1657 1688 1702 in

983 1714 1241 1760 aeternum.

1257 1802 1437 1850 Orati0.

1185 1890 1283 1943 US,
1298 1890 1381 1948 qui
1397 1904 1487 1937 nos
1501 1890 1691 1938 hodier-

999 1886 1229 2054 Qena
1263 1952 1341 1996 die
1373 1951 1687 1998 Exaltationis

983 2021 1068 2053 san
1151 2023 1177 2054 e
1221 2010 1389 2056 Crucis
1421 2010 1582 2056 Annua
1610 2025 1686 2057 so-

984 2069 1226 2115 lemnitate
1269 2070 1496 2115 laetificas
1517 2085 1527 2116 :
1551 2085 1686 2129 prae-

982 2136 1057 2172 sta
1093 2141 1419 2186 quaesumus:
1458 2137 1509 2175 ut
1547 2131 1685 2188 cujus

985 2188 1259 2245 mysterium
1280 2189 1330 2233 in
1352 2198 1476 2234 terra
1505 2189 1686 2246 cogno-

984 2248 1148 2299 vimus,
1195 2250 1298 2305 ejus
1343 2249 1683 2306 redemptionis

983 2309 1194 2364 praemia
1241 2309 1289 2352 in
1330 2308 1465 2353 coelo
1506 2307 1686 2353 meree-

985 2380 1104 2412 mur.
1165 2367 1253 2413 Per
1272 2366 1499 2412 eumdem·
1517 2366 1686 2415 Domi·

984 2440 1222 2529 nu&ostea
1232 2481 1283 2527 fit
1298 2479 1704 2527 Commemoratio

995 2546 1057 2589 de
1080 2544 1264 2589 Oc‘tava
1294 2540 1568 2586 Nativitatis
1595 2541 1705 2584 bea-

997 2611 1075 2649 tae
1101 2604 1299 2657 Mariae,
1324 2601 1687 2647 Ana.NativitA-

982 2672 1077 2707 tem
1116 2660 1395 2707 hodiernam
1431 2661 1687 2719 perpetuae

986 2722 1190 2780 Virginis
1211 2721 1462 2767 Genitricis
1475 2721 1565 2767 Dei
1581 2722 1686 2767 Ma·

983 2783 1079 2827 riae
1092 2781 1365 2827 solemniter
1378 2781 1679 2832 celebremus,

982 2855 1079 2900 qua
1116 2840 1347 2886 celsitudo
1386 2841 1543 2886 throni
1578 2854 1686 2899 pro-

983 2901 1133 2957 cessit,
1161 2900 1357 2957 alIeffiia.
1381 2948 1389 2957 ⁸
