2050 3392
569 252 1355 312 Ih.LkmEhanhnoe.Ekoekwkma

287 383 408 429 Αῆο..
475 378 609 427 Vidit
636 379 794 444 Jacob
832 392 935 427 sca·

222 441 337 494 lam.
363 437 613 487 summitas
643 440 744 499 ejus
773 441 933 487 coelos

224 500 466 560 tangebat,
509 508 557 547 et
593 500 932 547 descendentes

224 562 446 619 Angelos,
472 569 519 608 et
542 560 660 607 dixit
686 574 699 606 t
721 561 844 606 Vere
865 561 933 607 lo·

225 635 310 668 cus
329 622 417 668 iste
436 620 630 668 sanetus
654 628 739 666 est.

289 680 406 727 Αῆσι.
461 681 623 728 Erexit
641 680 795 745 Jacob
822 682 839 703 ¹³
865 679 932 726 le·

222 740 385 800 pidem
416 741 464 787 in
496 741 702 795 titulum,
729 739 931 788 fundens

223 800 383 849 eleum
406 800 622 860 desuper.

369 891 583 941 psalmus
605 892 790 939 mxvii.

375 978 605 1026 OMINE
621 979 753 1026 Deus
768 978 932 1026 saletis

403 1053 540 1085 meae
566 1053 577 1085 ε
601 1038 628 1062 ⁴*
648 1039 698 1084 in
729 1039 807 1086 die
836 1039 928 1086 cla-

221 1113 271 1146 m
303 1113 362 1153 v1‚
388 1107 436 1146 et
458 1098 600 1144 noete
620 1112 782 1144 coram
805 1106 862 1145 te.

284 1160 434 1206 Intret
469 1159 516 1204 in
550 1158 811 1218 conspeetu
844 1166 927 1205 tuo

222 1219 377 1266 oratio
394 1233 500 1265 mea
515 1233 525 1265 :
538 1217 747 1265 *inclina
762 1232 925 1265 aurem

222 1287 354 1325 tuam
375 1281 440 1325 ad
461 1293 648 1338 precem
669 1293 825 1325 meam
853 1294 863 1325 :

281 1339 408 1397 Quia
450 1339 629 1398 repleta
668 1347 740 1386 est
782 1340 919 1385 malis

217 1399 379 1447 {mima
411 1413 518 1445 mea
544 1414 555 1445 :
579 1399 606 1423 ⁴*
625 1407 674 1445 et
696 1400 792 1446 vita
814 1414 922 1446 moe.

217 1460 400 1506 inferno
420 1459 835 1519 appropinquavit.

274 1519 560 1566 AEstimdtus
580 1533 687 1564 sum
708 1533 818 1564 cum
839 1520 923 1565 de-

214 1579 551 1626 scendentibus
582 1579 629 1623 in
660 1578 818 1624 lacum
855 1593 866 1624 :
897 1577 926 1603 ⁴*

214 1639 373 1686 faetus
393 1652 500 1684 sum
521 1638 643 1683 sicut
655 1637 805 1683 homo
825 1638 925 1683 sine

215 1699 472 1759 adJuterio‚
542 1698 665 1744 inter
711 1696 926 1744 mertuos

216 1760 349 1806 liber.

280 1818 412 1864 Sicut
433 1815 662 1863 vulnerati
690 1816 928 1863 dormien-

217 1886 291 1925 tes
326 1878 376 1923 in
411 1875 685 1935 sepulchris,
720 1891 922 1936 quorum

217 1952 319 1985 non
349 1951 400 1983 es
431 1950 614 1983 memor
634 1936 838 1995 emplius
865 1951 876 1983 ε
899 1936 927 1960 ⁴*

216 2005 266 2046 et
287 1998 377 2057 ipsi
401 1998 462 2043 de
482 2009 629 2043 manu
650 2005 733 2043 tua
753 1995 926 2057 repulsi

218 2067 343 2107 sunt.

281 2117 547 2165 Posuerunt
566 2131 644 2163 me
664 2117 714 2163 in
732 2116 842 2163 lacu
857 2117 927 2163 in·

217 2178 373 2226 ferieri
388 2193 399 2223 ε
414 2177 442 2202 ⁴*
456 2179 504 2224 in
522 2178 795 2231 tenebresis,
814 2185 861 2223 et
876 2178 925 2223 in

217 2240 390 2287 umbra
410 2238 588 2284 mortis.

280 2298 434 2356 Super
481 2311 559 2343 me
618 2296 925 2344 confirmatus

220 2365 295 2404 est
315 2357 446 2402 furor
475 2365 583 2403 tuus
609 2372 619 2403 :
643 2356 671 2381 ⁴*
690 2365 737 2404 et
760 2371 925 2403 omnes

219 2417 397 2463 fluetus
410 2424 518 2463 tuos
537 2416 764 2463 induxisti
784 2429 928 2476 super

219 2489 313 2523 me.

285 2537 454 2620 Longe
466 2535 617 2583 fecisti
634 2544 774 2584 notos
793 2550 926 2583 meos

220 2612 252 2644 a
271 2610 379 2643 me:
439 2596 694 2654 posuerunt
715 2610 793 2642 me
811 2597 929 2642 abo·

219 2656 534 2704 minatidnem
555 2656 656 2702 sibi.

282 2715 511 2761 Traditus
560 2728 687 2769 sum,
733 2723 781 2762 et
830 2730 927 2762 non

220 2775 525 2837 egrediebar:
540 2773 569 2799 ⁴*
580 2775 704 2822 eculi
720 2776 813 2822 mei
830 2776 929 2823 lan-

220 2835 426 2897 guerunt
448 2848 562 2894 prae
582 2835 757 2894 inepia.

286 2894 499 2943 Clamdvi
530 2895 594 2941 ad
617 2903 674 2950 te,
703 2895 922 2952 Demine,

282 3086 410 3132 Pars
428 3081 766 3130 Autumnalz's.

1469 258 1704 315 cxxxvfi.

1000 386 1106 427 tota
1135 379 1214 427 die
1239 393 1251 427 :
1274 378 1303 404 ⁴*
1329 379 1535 441 expendi
1565 382 1631 429 ad
1663 390 1710 429 te

1000 453 1171 487 manus
1192 454 1336 487 meas,

1063 500 1315 559 Numquid
1346 500 1544 548 mertuis
1565 502 1709 549 facies

1001 561 1261 607 mirabilia:
1281 560 1308 584 ⁴*
1323 570 1407 608 aut
1421 562 1590 607 medici
1608 576 1709 608 sus-

1001 621 1230 726 εἰὲάξιιηῐ,
1271 629 1320 668 et
1357 621 1709 669 confitebuntur

1002 681 1037 726 ti
1073 681 1087 725 i

1063 740 1311 798 Numquid
1320 741 1706 800 narrebiteliquis

1001 799 1049 844 in
1066 799 1314 858 sepulchro
1336 801 1706 848 misericerdiam

1005 866 1149 911 tuam,
1178 858 1205 882 ⁴*
1226 868 1274 906 et
1296 860 1540 906 veritatem
1572 869 1704 907 tuam

1001 919 1051 964 in
1073 919 1336 977 perditiene
1349 920 1371 964 ?

1064 977 1314 1037 Numquid
1360 979 1708 1036 cognoscentur

1001 1038 1051 1083 in
1075 1038 1277 1083 tenebris
1298 1039 1531 1084 mirabilia
1548 1048 1658 1086 tua:
1677 1040 1705 1065 ⁴*

1000 1105 1048 1144 et
1066 1097 1252 1156 justitia
1273 1104 1356 1143 tua
1376 1097 1423 1142 in
1447 1105 1569 1144 terra
1589 1100 1707 1145 obli-

999 1158 1152 1205 vienis
1171 1158 1194 1203 ?

1056 1219 1122 1264 Et
1157 1231 1250 1277 ego
1280 1218 1345 1264 ad
1379 1225 1439 1272 te,
1478 1218 1698 1274 Demine,

996 1277 1197 1326 clamdvi
1225 1294 1236 1325 z
1261 1278 1288 1304 ⁴*
1309 1287 1356 1326 et
1385 1292 1527 1325 mane
1549 1279 1702 1326 oratio

995 1353 1104 1385 mea
1124 1338 1393 1398 praeveniet
1415 1347 1475 1385 te.

1058 1399 1129 1446 Ut
1149 1399 1278 1459 quid,
1307 1399 1527 1451 Demine,
1554 1399 1703 1459 repel-

993 1460 1051 1506 lis
1102 1459 1366 1506 oratienem
1421 1472 1578 1504 meam
1618 1474 1628 1505 ;
1672 1459 1701 1485 ⁴*

992 1519 1166 1566 avertis
1229 1518 1399 1564 feciem
1476 1526 1609 1563 tuam
1668 1532 1702 1565 a.

993 1581 1106 1626 me?

1059 1639 1244 1696 Pauper
1283 1651 1389 1684 sum
1430 1651 1535 1711 ego.
1574 1645 1621 1683 et
1655 1638 1703 1683 in

994 1699 1236 1745 laberibus
1252 1713 1282 1744 a
1290 1700 1534 1757 juventute
1549 1696 1704 1743 meaz*

996 1758 1230 1804 exaltetus
1251 1766 1411 1803 autem
1431 1757 1702 1803 humiliatus

996 1831 1103 1863 sum
1125 1827 1173 1863 et
1195 1817 1516 1863 conturbatus.

1058 1878 1115 1922 In
1157 1890 1233 1923 me
1276 1876 1553 1924 transierunt
1605 1876 1702 1922 irae

996 1945 1108 1984 tuae
1129 1952 1139 1984 t
1165 1936 1192 1961 *
1212 1945 1259 1984 et
1282 1937 1478 1983 terreres
1500 1937 1567 1982 tui
1589 1950 1702 1983 con-

997 1997 1302 2044 turbaverunt
1324 2011 1411 2043 me.

1057 2057 1480 2105 Circumdederunt
1490 2071 1565 2103 me
1577 2057 1699 2104 sicut

993 2131 1122 2176 aqua
1140 2126 1242 2164 tota
1262 2118 1368 2165 die:
1392 2117 1420 2141 ⁴*
1440 2118 1700 2166 circumde-

994 2178 1166 2224 derunt
1187 2192 1265 2224 me
1284 2177 1437 2224 simul.

1055 2238 1303 2296 Elongesti
1334 2252 1366 2284 a.
1395 2251 1472 2283 me
1490 2237 1700 2284 amicum

993 2305 1043 2344 et
1075 2298 1344 2355 preximum
1372 2312 1382 2343 z
1413 2297 1441 2321 ⁴*
1469 2305 1516 2344 et
1558 2306 1700 2343 notos

994 2371 1129 2405 meos
1150 2372 1181 2404 a
1200 2357 1400 2403 miseria.

1054 2418 1174 2465 Aha.
1232 2417 1392 2464 Erexit
1410 2416 1563 2479 Jacob
1583 2416 1702 2475 lapi-

995 2478 1106 2523 dem
1156 2478 1206 2522 in
1248 2477 1450 2529 titulum,
1497 2475 1700 2524 fundens

994 2537 1154 2584 eleum
1175 2538 1388 2595 desuper.

1056 2595 1118 2655 Χῖ.
1145 2597 1331 2641 Domus
1353 2609 1472 2642 mea.
1506 2594 1580 2653 Rp.
1600 2593 1701 2641 Do-

995 2671 1104 2703 mus
1124 2656 1351 2702 orationis
1372 2655 1628 2703 vocabitur.

1059 2717 1200 2762 Pater
1219 2724 1390 2763 noster.
1428 2714 1690 2762 Absolutio.

999 2776 1157 2835 Ipsius
1207 2775 1373 2834 pIetas.
1431 2773 1492 2831 W.
1551 2776 1692 2883 Jssibffl

997 2838 1187 2883 domne.
1241 2834 1524 2882 Benedietio.
1615 2850 1699 2884 eus

999 2897 1141 2944 Pater
1160 2895 1476 2957 omnipotens,
