2050 3392
210 374 467 433 justitiam,
480 386 531 424 et
550 379 804 427 sollicitum
823 395 924 427 am-

214 438 382 484 bulere
414 452 527 483 cum
560 440 668 485 Deo
697 450 797 488 tuo.
856 441 915 499 JV.

215 499 369 555 Spera
410 498 460 543 in
497 499 723 551 Domino,
760 509 807 548 et
846 501 923 546 fac

213 559 497 610 bonitatem.
524 568 572 604 et
593 559 809 606 inhabita
834 568 925 606 ter·

214 630 392 663 ram.—
403 618 596 665 Fecere.

459 693 624 741 Lectio
647 696 691 740 ii,

222 804 228 815 ..
352 766 503 814 UOD
522 776 683 813 autem
708 769 822 815 vidit
843 783 923 815 rex

383 828 588 885 vigilem,
622 837 669 873 et
700 829 922 875 sanetum

213 885 329 931 desc
359 889 508 932 ndere
563 889 626 933 de
674 890 821 941 coelo,
876 897 923 934 et

214 946 403 992 dicere:
426 947 667 993 Succidite
686 948 918 1001 Arborem,

212 1015 261 1051 et
284 1006 514 1064 dissipate
544 1008 686 1059 illam,
711 1008 921 1053 ettamen

210 1079 414 1124 germen
461 1067 678 1112 radicum
727 1068 833 1136 eJ'us
874 1068 923 1112 in

214 1134 339 1170 terra
361 1125 599 1179 dimittite,
625 1134 673 1171 et
693 1126 924 1172 vincietur

212 1185 339 1230 ferro
358 1194 405 1231 et
426 1200 533 1231 aere
555 1187 603 1231 in
618 1187 776 1232 herbis
790 1187 915 1239 foris,

211 1252 261 1289 et
287 1258 391 1289 rore
420 1246 540 1291 coeli
562 1247 915 1305 conspergetur,

211 1312 259 1349 et
298 1318 409 1349 cum
452 1305 562 1351 feris
598 1306 656 1351 sit
691 1307 922 1364 pabulum

213 1364 330 1423 ejus»,
337 1365 493 1410 donec
509 1373 690 1423 septem
706 1365 922 1424 tempora

213 1424 456 1469 mutentur
472 1438 615 1483 super
630 1438 769 1471 eum:
786 1426 921 1471 Haec

213 1491 290 1529 est
310 1483 631 1543 interpretatio
660 1486 920 1531 sententiae

215 1542 457 1597 Altlssimi,
522 1558 648 1602 quae
708 1545 919 1603 pervenit

214 1614 357 1660 super
384 1604 634 1649 dominum
662 1617 821 1649 meum
851 1618 920 1649 re-

212 1676 355 1721 gem:
393 1663 595 1722 Ejicient
617 1671 665 1710 te
685 1664 747 1710 ab
768 1664 919 1711 homi-

212 1723 366 1775 nibus.
393 1731 441 1769 et
473 1737 584 1769 cum
604 1723 767 1770 bestiis
790 1725 921 1770 feris·

245 1796 305 1828 ue
341 1783 429 1829 erit
470 1782 705 1829 habitatio
736 1792 833 1837 tua.
871 1793 918 1830 et

229 1856 406 1888 oenum
427 1851 482 1888 ut
503 1843 593 1888 bos
608 1843 843 1897 comedeS,
871 1853 918 1890 et

211 1915 318 1948 rore
338 1903 457 1948 coeli
482 1902 754 1949 infunderis.

275 1966 340 2016 ΚΤ
370 1961 637 2020 Angustiae
668 1962 784 2008 mihi
807 1970 918 2009 sunt

210 2017 360 2080 tmdiq
362 2036 436 2074 ue,
483 2030 531 2067 et
576 2023 694 2079 quid
744 2022 915 2080 eligam

209 2082 415 2140 ignoro:
446 2085 470 2106 ff
504 2081 679 2126 Melius
710 2090 781 2128 est
803 2083 916 2128 mihi

209 2140 419 2186 incidere
461 2141 511 2186 in
553 2154 723 2187 manus
763 2142 918 2188 homi·

209 2214 341 2253 num,
397 2214 545 2258 quam
594 2201 918 2260 derelinquere

206 2261 366 2319 legem
382 2260 595 2306 Deimei.
643 2259 704 2319 JV.
729 2261 778 2306 Si
792 2276 917 2307 emm

205 2320 302 2366 hoc
329 2320 488 2378 egero.
515 2333 643 2366 mors
674 2321 787 2366 mihi
816 2330 916 2367 est:

206 2381 246 2426 si
283 2387 451 2425 autem
489 2393 585 2424 non
622 2378 779 2438 egero.
821 2394 917 2427 non
1007 2389 1033 2447 jz!
1071 2367 1131 2485 ἒξ
1103 2373 1155 2427 ’-,

205 2438 437 2498 effugiam
460 2453 632 2486 manus
660 2447 919 2487 vestras.—

207 2499 386 2546 Melius
405 2505 492 2546 est.

438 2576 634 2622 Leoiio
624 2578 685 2621 iii.

354 2647 397 2692 Ε
414 2647 511 2692 ΡΤ
524 2646 568 2691 Ε
582 2646 637 2691 Μ
724 2659 917 2721 quoque

371 2706 593 2765 tempora
664 2708 919 2752 mutabun-

203 2775 283 2813 tur
323 2779 472 2824 super
511 2774 572 2817 te.
605 2766 761 2811 donec
795 2766 917 2812 scias

200 2827 340 2886 quod
376 2825 652 2872 dominetur
687 2825 917 2871 Excelsus

199 2899 353 2944 super
369 2898 573 2945 regnum
587 2884 852 2937 hominum,
868 2892 918 2931 et

460 242 632 313 Infra
654 244 833 299 Hebd.
859 246 1085 301 tertiam
1109 248 1462 305 Novembris⁸

1598 254 1702 321 283

988 382 1275 442 cuicumque
1299 384 1514 439 voluerit.
1541 388 1622 434 det
1648 389 1703 433 il-

989 444 1087 489 lud.
1152 445 1301 499 Quod
1322 454 1482 491 autem
1511 448 1702 505 praece-

989 504 1059 561 pit
1074 512 1127 549 ut
1147 506 1490 562 relinqueretur
1502 520 1696 564 germen

989 564 1205 609 mdicum
1225 566 1342 623 ejuS,
1371 566 1421 611 id
1456 573 1529 611 est
1560 566 1700 611 erbo-

988 624 1054 667 ris
1105 637 1115 667 :
1168 638 1372 682 regnum
1424 633 1562 671 tuum
1614 627 1700 672 tibi

993 682 1205 727 manebit
1240 693 1497 743 postquam
1521 686 1702 744 cogno-

989 742 1111 786 veris
1139 745 1424 800 potestatem
1457 760 1560 791 ωδε
1592 760 1700 791 coe-

990 800 1172 847 lestem.
1229 803 1388 858 Quam
1410 806 1474 851 ob
1496 820 1596 851 rem
1618 820 1700 851 rex

988 862 1244 907 consilium
1297 878 1457 909 meum
1510 866 1699 923 placeat

989 920 1091 973 tibi,
1140 928 1187 965 et
1224 924 1425 979 peccota
1461 931 1544 970 tua
1579 926 1699 971 elee-

990 979 1698 1124 assumseram&

988 1112 1211 1157 perum:
1247 1100 1444 1146 forsitan
1484 1103 1698 1160 ignoscet

988 1158 1176 1204 deliotis
1205 1159 1314 1205 tuis.
1379 1160 1557 1207 Omnia
1578 1163 1696 1208 haec

989 1218 1218 1264 venerunt
1254 1233 1397 1278 super
1436 1222 1697 1268 Nabucho-

988 1278 1200 1324 donosor
1220 1292 1395 1337 regem.

1045 1343 1117 1396 RJ.
1159 1338 1294 1385 Misit
1328 1340 1566 1386 Dominus
1597 1343 1697 1387 An-

984 1397 1150 1453 gelum
1195 1412 1348 1452 suum,
1384 1409 1431 1446 et
1462 1399 1696 1446 conclusit

985 1470 1072 1501 ora
1085 1458 1277 1504 leonum
1292 1462 1328 1505 2'*
1344 1460 1408 1505 Et
1421 1474 1518 1505 non
1531 1468 1697 1506 conta-

987 1516 1336 1565 minaverunt.
1379 1520 1492 1577 quia
1532 1534 1696 1565 coram

985 1589 1046 1621 eo
1083 1577 1318 1645 injustitia
1355 1579 1549 1625 inventa
1596 1593 1696 1625 non

986 1642 1058 1679 est
1080 1635 1129 1679 in
1150 1650 1241 1681 me.
1304 1639 1366 1696 V.
1408 1638 1542 1683 Misit
1564 1640 1697 1684 Deus

987 1694 1360 1742 misericordiam
1426 1712 1578 1750 suam,
1648 1707 1696 1744 et

987 1754 1236 1800 veritatem
1278 1769 1448 1803 suam:
1483 1757 1696 1803 enimam

987 1826 1147 1859 meam
1167 1814 1341 1873 eripuit
1358 1817 1419 1861 de
1438 1817 1598 1862 medio
1620 1830 1699 1862 ca-

986 1873 1197 1919 tulorum
1213 1874 1550 1922 leonum—Et
1580 1890 1691 1924 non.

985 1933 1154 1980 Gloria
1177 1934 1319 1982 Patri.
1386 1937 1449 1982 Et
1470 1951 1582 1985 non.

1079 2070 1282 2117 FERIA
1314 2072 1600 2128 QUINTA.

1054 2141 1129 2187 De
1152 2143 1352 2191 Daniele
1375 2145 1629 2204 Propheta.

1117 2249 1119 2251 >
1508 2223 1616 2279 Cap.
1648 2237 1686 2265 V.

1059 2303 1062 2305 ’
1101 2335 1109 2345 ,
1149 2293 1694 2339 .12.ALTASSAR

1093 2351 1115 2365 ⁰
1251 2367 1331 2395 rex
1362 2353 1468 2395 fecit
1512 2353 1694 2407 grande

1251 2411 1516 2453 convivium
1572 2411 1692 2465 opti-

1251 2471 1458 2513 minibus
1478 2471 1572 2511 suis
1594 2471 1694 2511 mil-

987 2531 1055 2573 le:
1085 2543 1129 2573 et
1169 2530 1494 2586 unusquisque
1530 2543 1696 2571 secun·-

985 2592 1099 2632 dum
1111 2590 1450 2632 suambibebat
1466 2588 1686 2632 aetetem.

991 2650 1231 2704 Praecepit
1267 2662 1382 2704 ergo
1412 2649 1510 2702 jam
1544 2656 1692 2692 temu-

985 2710 1139 2751 lentus
1178 2716 1229 2750 ut
1267 2708 1542 2750 afferrentur
1578 2722 1692 2752 vasa

983 2780 1127 2810 aurea
1175 2774 1221 2810 et
1279 2767 1514 2824 argentea,
1568 2782 1690 2824 quae

985 2826 1307 2882 asporteverat
1362 2826 1688 2872 Nabuchodo-

983 2898 1125 2930 nosor
1149 2894 1281 2942 pater
1295 2888 1398 2944 ejus
1416 2888 1474 2930 de
1490 2890 1680 2944 templo,
