2050 3392
476 249 777 306 Commune
799 252 972 307 unius
1001 253 1290 326 Martyris

1482 256 1658 312 XXXiX.
1672 287 1681 319 ⁴.

182 368 354 418 amore
372 370 661 418 roboremur.
685 372 776 418 Per
797 372 896 420 Do·
962 381 1009 420 et
1027 388 1257 433 magnum
1275 374 1496 422 decorem
1512 375 1661 435 impo-

181 431 372 476 minum

387 513 495 559 Alia
515 513 697 561 Oratio.

335 592 631 639 RAESTA
689 606 890 652 quaesu-

961 446 1046 479 nes
1066 447 1210 491 super
1227 448 1351 481 eum.

1072 514 1077 517 ⁷
1154 528 1231 564 An
1263 529 1469 566 NONAM.

1022 591 1314 651 Antiphona.
1346 596 1472 641 Volo
1505 596 1657 643 Pater.

353 667 460 699 mus
474 653 778 710 omnipotens
796 654 890 698 De·
967 667 1255 726 Capitulum.
1314 673 1466 719 Eccli.
1500 673 1654 720 xxxix.

184 724 273 758 us:
298 718 366 764 ut,
398 712 718 759 intercedente
743 712 890 758 beato

189 768 253 814 N.
269 771 400 816 Mdrt
456 785 483 816 e
496 779 593 825 tuo,
607 781 654 817 et
668 786 698 816 a
710 772 891 817 cunctis

179 831 366 876 adversi
421 831 545 876 tibus
572 831 823 876 liberemur
842 832 890 876 in

180 889 396 947 corpore,
415 898 463 935 et
484 904 513 936 a
534 891 689 948 pravis
710 891 892 948 cogita-

180 948 391 994 tionibus
404 950 691 996 mundemur
702 951 753 995 in
760 963 892 995 men-

181 1015 244 1055 te.
289 1007 380 1054 Per
400 1008 678 1056 Dominum.

352 1101 430 1138 AD
459 1104 718 1141 TERTIAM.

253 1168 378 1214 Afia.
396 1169 493 1226 Qui
513 1171 723 1229 sequitur
742 1185 834 1218 me.

248 1229 405 1286 Capit.
428 1230 603 1299 βεάῑιιε
629 1232 711 1285 vir,
744 1238 797 1276 ut
816 1243 894 1276 su-

185 1302 286 1347 pra.
307 1289 492 1336 xxxviii.

245 1348 319 1407 R7.
339 1349 406 1393 br.
421 1348 585 1396 Gloria
596 1358 643 1396 ct
659 1349 852 1405 honore,
867 1348 894 1373 ³*

180 1406 436 1455 Corondsti
486 1423 610 1464 eum.
659 1411 877 1456 Domine.

178 1467 361 1515 Gloria.
408 1464 469 1525 W.
503 1469 565 1514 Et
595 1470 878 1516 constituisti

175 1527 882 1634 ῗὲἵὲαῗὲῳῖἒᾶἓῖῗςέἷιάᾶἒῖἓ

181 1646 327 1692 Patri.
369 1645 533 1693 Gloria
552 1655 600 1693 et
621 1646 818 1694 honore.

245 1703 310 1766 57.
343 1706 559 1761 Posuisti,
598 1708 718 1762 Dite,
744 1722 887 1767 super

175 1766 454 1825 eaputrejus.
480 1765 552 1826 R7.
569 1766 811 1814 Coronam
825 1769 885 1814 de

176 1824 342 1885 lapide
362 1826 584 1884 pretioso,

359 1923 437 1959 AD
472 1926 704 1964 SEXTAM.

244 1992 368 2036 Asia.
383 1991 477 2048 Qui
493 1993 608 2038 mihi
630 1991 878 2039 ministrat.

236 2080 527 2137 Capitulum.
587 2082 741 2127 Eccli.
765 2096 839 2128 xv.

331 2155 561 2203 IBAVIT
601 2158 731 2203 illum
764 2171 888 2215 pane

358 2217 484 2261 vitae
513 2224 561 2263 et
602 2217 879 2272 intellectus,

175 2283 226 2323 et
242 2288 373 2334 aqua
391 2276 653 2333 sapientiae
670 2276 885 2322 salutatis

176 2334 366 2393 potavit
406 2335 538 2380 illum
576 2335 712 2380 Di'ius
755 2335 885 2382 Deus

176 2402 356 2442 noster.

246 2454 320 2512 R7.
378 2454 444 2499 br.
508 2453 712 2500 Posuisti
789 2454 889 2502 Do-

177 2512 324 2566 mine,
357 2512 383 2536 ⁴*
409 2512 564 2572 Super
592 2529 649 2560 ca
683 2521 737 2560 ut
767 2515 881 2572 ejus.

182 2572 404 2625 Posuisti,
419 2573 638 2620 Domine.
715 2607 726 2619 .
740 2572 889 2620 Coro-

178 2645 296 2677 nam
346 2633 408 2677 de
449 2632 610 2691 lnpide
659 2632 881 2691 pretioso.

178 2692 339 2749 Super
377 2700 522 2749 oeput
558 2694 676 2751 ejuS.
725 2692 889 2738 Gloria

183 2751 327 2797 Patri.
369 2750 586 2797 Posuisti.

242 2806 306 2868 V.
329 2810 515 2868 Magna
528 2818 600 2856 est
614 2810 769 2869 gloria
787 2810 889 2868 ejus

179 2869 231 2915 in
246 2868 442 2916 salutari
456 2877 555 2918 tuo.
581 2869 654 2928 R7.
675 2868 889 2917 Gloriam

1113 748 1357 794 USTUS
1395 763 1479 795 cor
1519 763 1657 795 suum

1133 807 1327 854 tradidit
1360 810 1423 854 ad
1463 808 1659 866 vigilan-

959 866 1076 912 dum
1121 866 1329 912 diluculo
1377 868 1442 913 ad
1493 868 1657 914 Domi-

959 938 1088 978 num,
1115 926 1196 983 qui
1231 926 1339 971 fecit
1360 927 1503 978 illum,
1530 935 1578 972 et
1608 928 1657 971 in

958 997 1074 1029 cons
1239 985 1466 1030 Altissimi
1494 986 1661 1044 depre-

956 1042 1158 1091 cabitur.
1342 1045 1347 1050 ’

1019 1101 1092 1161 R7.
1121 1102 1189 1148 br.
1212 1105 1398 1162 Magna
1415 1111 1486 1150 est
1508 1104 1661 1163 gloria

953 1162 1070 1221 eius,
1083 1159 1111 1185 *
1129 1164 1185 1208 In
1205 1163 1397 1210 salutati
1419 1172 1516 1209 tuo.
1554 1165 1663 1209 Ma-

953 1236 1064 1280 gna.
1082 1219 1145 1281 V.
1154 1223 1368 1270 Gloriam
1375 1232 1423 1269 et
1432 1237 1658 1282 magnum

954 1282 1176 1329 decorem
1241 1282 1459 1341 impones
1517 1296 1661 1341 super

954 1343 1145 1387 eum.1n
1161 1343 1353 1388 salutati
1375 1351 1473 1389 tuo.
1500 1342 1659 1389 Goria

958 1401 1099 1448 Patri.
1147 1403 1345 1460 Magna.

1019 1457 1083 1517 V.
1125 1469 1259 1507 ustus
1273 1469 1327 1507 ut
1343 1461 1503 1518 palma
1521 1461 1659 1508 flore-

955 1520 1038 1567 bit.
1122 1521 1275 1567 ‚Sicut
1297 1521 1465 1567 cedrus
1488 1520 1657 1567 Libani

956 1579 1358 1638 multiplicabitur.

1113 1672 1191 1709 AD
1222 1673 1501 1712 VESPERAS.

1019 1741 1140 1786 Asia.
1172 1740 1268 1795 Qui
1299 1754 1376 1787 me
1396 1740 1652 1798 confessus,

960 1807 1014 1846 ut
1054 1813 1200 1858 supra
1238 1812 1349 1845 cum
1384 1799 1574 1858 reliquis
1604 1803 1667 1847 de

891 1901 892 1904 ,
963 1860 1115 1905 Laud.
1157 1860 1340 1908 xxxviii.
1406 1861 1479 1905 Ps.
1527 1861 1659 1909 Dixit

956 1918 1204 1975 DominuS,
1246 1934 1356 1965 cum
1386 1921 1577 1979 reliquis
1605 1917 1675 1967 de'

961 1979 1217 2025 Communi
1236 1980 1591 2038 Apostolorum.
1606 1981 1652 2028 ii.

957 2046 1006 2084 et
1043 2038 1151 2083 loco
1186 2040 1352 2094 ultimi,
1390 2041 1513 2087 Psal.
1547 2041 1661 2088 Cre-

953 2100 1068 2145 didi.
1092 2107 1184 2157 138.

1019 2157 1177 2215 Capit.
1206 2159 1380 2229 }{edtus
1401 2161 1482 2218 vir,
1516 2168 1567 2206 ut
1588 2167 1665 2207 s’u·

959 2230 1058 2275 pra.
1080 2232 1266 2264 xxxvm.

1019 2276 1260 2333 Hymnus.
1278 2279 1422 2333 Deus,
1449 2279 1655 2334 tuorum,

958 2343 1012 2381 ut
1033 2350 1191 2393 supra.
1214 2338 1350 2383 xxvii.

1017 2393 1080 2452 ΧΤ.
1126 2403 1259 2442 ustus
1280 2404 1332 2441 ut
1350 2396 1510 2453 palma
1523 2396 1661 2442 flore-

953 2454 1036 2501 bit.
1132 2488 1143 2499 .
1161 2454 1292 2499 Sicut
1307 2455 1475 2501 cedrus
1489 2454 1660 2501 Libani

954 2512 1347 2571 multiplicabitur

1017 2572 1098 2618 Ad
1115 2571 1408 2630 Magnificam
1426 2573 1547 2618 Asia.
1564 2572 1660 2627 Qui

955 2632 1056 2678 vult
1074 2630 1232 2677 venire
1247 2636 1356 2688 post
1377 2644 1468 2684 me,
1480 2629 1663 2677 *Abne-

954 2699 1038 2750 get
1079 2690 1402 2747 semetipsum‚
1438 2696 1486 2735 et
1526 2690 1660 2736 tollat

954 2763 1147 2796 crucem
1177 2762 1328 2802 suam,
1360 2756 1409 2795 et
1437 2747 1675 2808 sequatur<

954 2824 1045 2857 me.
