2050 3392
542 252 850 312 Dominica
862 264 1066 331 prima
1100 268 1362 329 Οἱῖοὸνιῖς.

187 620 324 664 enim
356 635 527 669 sumus
558 639 652 683 ego
685 635 733 673 et
761 631 914 690 βόρυ-

185 678 266 723 lus
304 694 456 735 meus,
496 691 549 730 ut
591 690 905 745 conteramur,

183 737 478 797 jugulemur,
536 751 586 789 et
636 748 904 804 pereamus.

181 798 353 856 Atque
377 798 568 847 utinam
589 804 639 850 in
671 820 831 854 servos
863 820 909 857 et

180 857 397 905 famulas
417 864 760 913 venderemur:
781 879 908 916 esset

178 918 438 965 tolerabile
488 924 684 978 malum,
729 935 779 973 et
825 944 907 988 ge-

176 990 325 1023 mens
339 978 551 1025 tacerem
570 995 723 1031 :nunc
744 996 904 1035 autem

174 1036 341 1083 hostis
398 1047 566 1086 noster
627 1052 716 1098 est,
770 1050 904 1107 cnjus

173 1097 445 1145 crudelitas
479 1098 721 1150 redundat
757 1106 807 1153 in
833 1122 903 1155 re-

173 1168 308 1212 gem.

425 1234 594 1285 Led‘tio
617 1238 663 1287 ii.

325 1306 897 1374 ESPONDENSQUE

354 1381 443 1413 rex
492 1370 741 1429 Assuerus,
795 1379 894 1425 ait:

259 1423 301 1471 ‘s
315 1434 393 1472 est
402 1428 506 1482 iste,
520 1438 568 1475 et
577 1434 652 1491 cuj
656 1448 711 1480 us
727 1438 895 1493 poten-

170 1484 288 1537 tiae,
307 1493 365 1532 ut
381 1486 501 1533 haec
515 1489 694 1539 Audeat
710 1495 895 1543 facere?

170 1541 412 1603 Dixitque
451 1549 632 1595 Esther
663 1566 674 1598 :
721 1554 890 1603 Hostis

163 1612 214 1649 et
239 1602 468 1653 inimIcus
482 1618 646 1656 noster
691 1612 890 1663 essimus

164 1663 259 1709 iste
281 1674 359 1711 est
381 1667 556 1715 Aman.
690 1676 787 1720 uod
812 1676 888 1724 ille

164 1722 375 1771 Audiens
434 1727 562 1775 sslico
620 1733 880 1793 obstupuit,

162 1784 354 1830 vultum
408 1786 536 1846 regis
586 1805 644 1836 ac
693 1795 886 1853 reginae

160 1841 284 1889 serre
326 1857 431 1890 non
463 1847 716 1898 sustinens.
783 1855 885 1901 Rex

159 1911 331 1949 autem
381 1903 532 1953 iratus
573 1912 783 1966 surrexit,
837 1923 884 1962 et

158 1962 220 2007 de
242 1964 361 2010 loco
385 1967 592 2013 convivii
612 1970 802 2020 intrAvit
834 1975 883 2020 in

155 2020 363 2070 hortum
423 2027 674 2076 arbdribus
729 2033 883 2079 cdnsi-

153 2088 275 2130 tum.
293 2084 468 2130 Arnan
480 2100 672 2147 quoque
685 2092 880 2141 surrexit

151 2149 205 2188 ut
234 2143 441 2202 rogatet
463 2146 638 2194 Esther
665 2151 880 2208 reginam

150 2214 240 2259 pro
283 2203 462 2251 anima
504 2219 604 2259 sua,
654 2209 880 2259 intellexit

150 2261 281 2308 enim
313 2277 356 2310 a
389 2276 502 2325 rege
536 2266 627 2312 sibi
658 2268 879 2328 paratum

151 2322 363 2370 malum.

396 2396 565 2448 Lecstio
586 2402 651 2449 iii.

288 2471 378 2518 UI
413 2485 528 2520 cum
562 2474 775 2525 reversus
805 2495 876 2526 es-

318 2539 399 2579 set
419 2533 484 2578 de
509 2533 652 2582 horto
675 2539 876 2586 nemeri-

146 2587 239 2637 bus
289 2590 505 2647 cdnsit0,
561 2601 610 2642 et
652 2597 873 2646 intrasset

145 2650 364 2697 oenvivii
443 2651 619 2708 locum,
700 2657 872 2716 reperit

143 2707 311 2757 Aman
319 2723 470 2771 super
479 2712 705 2761 ledtulum
715 2731 872 2764 eorru-

145 2765 254 2824 isse,
269 2770 328 2816 in
346 2785 454 2831 quo
469 2773 661 2831 jacebat
677 2777 864 2831 Esther,

145 2835 195 2874 et
245 2831 320 2877 ait
361 2845 376 2879 z
432 2831 596 2879 Etiam
654 2836 868 2894 reginam

145 2889 245 2936 vult
283 2889 575 2951 opprImere,
617 2908 694 2947 me
733 2910 868 2955 prae-

267 3063 399 3107 Pars
421 3063 468 3107 A
476 3067 765 3114 utumnalt’s.

983 637 1229 695 Harbdna,
1267 659 1392 693 unus
1438 650 1501 695 de
1543 654 1692 700 eunu-

979 697 1094 751 chis,
1112 702 1191 758 qui
1209 706 1400 753 stabant
1416 709 1464 754 in
1481 712 1690 759 ministe-

977 756 1049 802 rio
1069 760 1219 817 regis:
1242 764 1316 809 En
1333 767 1527 825 lignum,
1554 776 1686 830 quod

976 817 1223 873 pataverat
1242 822 1581 883 Mardochaeo‚
1602 836 1684 891 qui

975 875 1163 923 loeutus
1178 889 1250 927 est
1265 897 1352 941 pro
1372 900 1496 945 rege,
1518 900 1612 937 stat
1633 894 1683 938 in

972 935 1123 982 domo
1142 939 1313 996 Aman,
1328 945 1508 993 habens
1523 951 1684 998 altitu-

973 995 1098 1041 dinis
1114 999 1461 1061 quinquaginta
1475 1008 1673 1057 cubitos.

971 1054 1062 1099 Cui
1099 1058 1218 1105 dixit
1258 1075 1339 1107 rex
1360 1078 1371 1108 :
1407 1066 1681 1124 Appendite

969 1128 1081 1159 eum
1101 1116 1150 1162 in
1174 1132 1248 1165 eo.
1313 1123 1578 1182 Suspensus
1606 1138 1678 1176 est

969 1173 1131 1233 itaque
1171 1179 1331 1226 Aman
1372 1183 1421 1228 in
1460 1188 1677 1243 patibulo

966 1237 1099 1291 quod
1168 1240 1417 1296 pareverat
1478 1246 1677 1295 Mardo-

965 1294 1117 1342 chaeo
1135 1311 1147 1343 :
1168 1306 1217 1344 et
1237 1302 1362 1359 regis
1382 1304 1451 1349 ira
1466 1308 1657 1364 quievit.

1168 1465 1465 1516 SABBATO

980 1533 1094 1572 ante
1117 1528 1422 1579 Dominicam
1449 1536 1653 1594 primam

1198 1592 1436 1641 Offtobris.

1008 1661 1089 1708 Ad
1107 1664 1402 1722 Maonifieat,
1422 1671 1546 1718 Afia.
1568 1669 1669 1714 Ad·

954 1715 1141 1774 aperiat
1158 1700 1297 1766 Dffius
1317 1728 1345 1753 ἃ
1356 1736 1440 1768 cor
1458 1734 1666 1773 vestrum

952 1775 1003 1820 in
1044 1777 1152 1835 lege
1199 1793 1300 1832 sua,
1346 1790 1392 1827 et
1440 1784 1490 1829 in
1530 1799 1667 1843 prae-

952 1835 1103 1894 ceptis
1125 1839 1237 1890 suis,
1260 1848 1309 1885 et
1330 1840 1475 1889 faciat
1495 1858 1663 1902 pacem

954 1895 1189 1944 deinus
1212 1899 1343 1946 Deus
1363 1910 1538 1951 noster.

1097 2061 1325 2110 DOMIN
1331 2066 1444 2114 ICA
1464 2069 1503 2115 Ι.

1186 2125 1425 2181 OcstobriS.

1045 2200 1063 2244 1
1069 2214 1099 2245 n
1120 2203 1275 2260 primo
1298 2207 1563 2258 Νοέὶιιτηο.

983 2272 1156 2334 Incipit
1177 2276 1295 2323 liber
1314 2280 1495 2337 primus
1516 2283 1624 2330 Ma-

1121 2336 1455 2386 chabaedrum.

1006 2413 1173 2461 Lecstio
1194 2416 1222 2462 i.
1414 2416 1527 2474 Cap.
1553 2417 1585 2464 i.

974 2500 1050 2553 φὴ]
1093 2503 1123 2556 rs*¹
1179 2490 1223 2531 T
1230 2490 1411 2536 saelum
1424 2501 1510 2545 est.
1518 2502 1649 2564 post-

1133 2694 1139 2700 ·
1207 2666 1321 2725 lippi
1414 2669 1636 2726 Macedo,

938 2722 1021 2777 qui
1082 2726 1261 2780 primus
1320 2728 1531 2786 regnavit
1590 2734 1641 2779 in

938 2781 1153 2836 Graecia,
1180 2785 1396 2843 egressus
1426 2791 1488 2837 de
1517 2799 1641 2840 terra

937 2839 1140 2896 Cethim,
1208 2845 1406 2894 Darium
1475 2865 1637 2911 regem

938 2898 1199 2958 Persarum,
1246 2914 1292 2968 et
1334 2909 1589 2958 Meddrum
1621 2927 1635 2960 ε

1458 3095 1540 3141 93
