2050 3392
223 340 225 343 Α
318 269 421 326 530
442 258 557 313 Die
580 273 649 312 10
673 258 845 327 Nov„
873 256 933 310 S.
968 256 1235 310 Andreae
1259 255 1542 324 Avellini‚
1574 254 1751 324 Confi

312 389 496 438 minum
537 391 586 437 in
622 389 752 435 omni
787 388 1015 445 tempore.

312 450 472 505 Quare
500 450 549 495 in
577 449 821 495 ardentem
849 460 1021 504 rogum

311 508 530 567 injeetus
557 509 604 556 in
634 505 849 552 oratione
876 513 923 549 et
953 505 1023 549 di-

311 569 435 613 vinis
514 566 736 613 leudibus
809 564 1021 610 enimam

313 626 505 672 Christo
513 624 719 671 reddidit
727 623 895 681 quinto
907 623 1024 668 Idus

316 684 630 731 Novembris:
673 683 807 739 cujus
848 694 1023 739 corpus

314 742 521 787 Eusebia
552 740 786 793 matrona,
820 740 1024 785 sindone

312 798 578 845 involi'itum
605 798 818 857 sepelivit
851 799 899 844 in
936 812 1023 845 suo

314 858 524 916 praedio.

372 917 445 963 Te
467 917 625 964 Deum
654 916 920 965 laudemus.
951 931 1018 976 17.

379 976 435 1020 In
473 974 719 1022 Laudibus
750 976 798 1021 fit
830 974 1016 1021 Comm.

316 1035 362 1083 S.
392 1037 645 1089 Theodori,
676 1038 869 1096 Martyr.
897 1037 1016 1080 Ana.

315 1092 411 1148 Qui
441 1093 541 1139 odit
569 1092 782 1139 animam
811 1106 948 1138 suam
975 1092 1024 1137 in

315 1152 408 1197 hoc
430 1154 627 1204 mundo,
653 1152 702 1197 in
722 1152 867 1197 vitam
881 1150 1027 1196 aeter-

318 1224 430 1256 nam
453 1211 660 1257 custedit
682 1224 802 1256 eam.

367 1272 440 1372 ἔτ’,
466 1270 628 1331 Justus
651 1277 701 1314 ut
718 1269 878 1326 palma
892 1267 1027 1313 flore-

315 1327 364 1372 bi
390 1362 399 1372 .
428 1334 503 1392 37,
522 1327 651 1372 Sicut
670 1328 840 1372 cedrus
858 1327 1027 1371 Libani

318 1385 724 1443 multiplicabitur.

428 1452 558 1499 ratio.
609 1446 754 1500 Deus,
801 1444 883 1506 qui
938 1458 1031 1494 nos

319 1503 380 1550 be
411 1504 460 1551 ti.
488 1517 588 1564 527.

380 1573 619 1631 Vesperae
657 1587 687 1619 a
717 1573 940 1631 Capitulo
971 1575 1032 1618 de

322 1635 551 1693 sequenti,
629 1634 1032 1680 Commemoratio

324 1696 651 1753 praecedentis
692 1704 738 1741 et
767 1695 849 1740 SS.
884 1695 1024 1739 Mart.

324 1755 597 1813 Tryphonis
620 1766 663 1800 et
687 1756 935 1800 sociorum.

387 1887 505 1933 DIE
528 1887 587 1934 X.
618 1889 966 1936 NOVEMBR.

325 1963 381 2009 In
392 1962 511 2008 festo
526 1962 572 2007 S.
587 1961 806 2007 Andreae
815 1961 1025 2013 Avellini‚

455 2021 668 2067 Confess.
699 2022 901 2080 Duplex.

384 2105 559 2151 Omnia
574 2108 632 2151 de
643 2106 895 2152 Communi
908 2107 1033 2150 Con·-

325 2166 514 2211 fessoris
536 2181 631 2211 non
657 2167 830 2234 Pontii.
856 2164 1031 2211 lxxxiii.

328 2234 508 2285 praeter
527 2235 785 2284 sequentia.

593 2311 773 2357 OratiO.

480 2388 626 2442 EUS,
661 2390 755 2448 'qui
797 2389 845 2434 in
893 2390 1039 2436 corde

328 2394 477 2556 Ὠ
507 2448 634 2495 beeti
659 2449 881 2494 Andreae
910 2449 1038 2494 Con-

348 2520 419 2554 ess
453 2509 516 2554 ris
563 2508 650 2561 tui,
689 2521 773 2565 per
829 2507 1036 2554 arduum

325 2568 541 2626 quotidie
569 2567 616 2612 in
648 2565 897 2612 virtutibus
926 2581 1037 2625 pro-

324 2627 512 2673 ficiendi
541 2635 718 2678 votum,
735 2625 1037 2672 admirabiles

325 2687 387 2732 ad
428 2694 476 2731 te
523 2687 826 2733 ascensiones
877 2685 1038 2743 dispo-

325 2744 458 2789 suisti
475 2759 486 2790 :
505 2745 716 2791 concede
732 2744 869 2789 nobis
886 2743 1037 2801 ipsius

325 2803 502 2849 meritis
543 2812 589 2851 et
618 2803 950 2850 intercessione
970 2803 1038 2850 ita

324 2861 536 2918 ejusdem
570 2864 750 2922 gratiae
783 2863 1038 2924 participes

1088 384 1201 439 fieri,
1228 393 1281 431 ut
1303 383 1585 443 perfeetiera
1609 396 1834 442 semper

1087 444 1374 503 exequentes
1400 444 1464 489 ad
1486 444 1658 501 gloriae
1677 452 1832 491 tuae

1088 503 1330 561 fastigium
1382 501 1577 550 feliciter
1622 504 1827 562 perdu-

1088 563 1265 608 cemur.
1313 562 1401 607 Per
1427 562 1694 609 Dominum.

1149 619 1210 663 Et
1233 619 1284 663 fit
1313 618 1579 666 Commem.
1605 631 1817 679 praece-

1089 679 1255 732 dentis,
1284 679 1404 724 Asia.
1438 678 1482 724 O
1522 692 1663 737 quam
1695 692 1820 723 me-

1091 736 1295 783 tuendus
1315 744 1387 782 est
1409 736 1543 783 locus
1559 738 1664 783 iste!
1683 751 1816 782 vere

1091 811 1186 842 non
1218 805 1289 842 est
1319 797 1395 842 hic
1423 796 1571 848 eliud,
1596 796 1680 841 nisi
1710 796 1814 840 do—

1090 870 1197 901 mus
1221 855 1325 908 Dei,
1343 864 1389 900 et
1412 862 1553 913 porta
1574 855 1703 899 coeli.

1149 914 1209 972 X'.
1251 915 1464 959 Domum
1496 921 1643 965 tuam,
1671 914 1804 965 Une,

1090 976 1228 1021 decet
1274 972 1564 1019 sanctitudo.
1620 973 1690 1032 Ην,
1746 972 1811 1019 In

1090 1032 1439 1093 longitudinem
1461 1033 1662 1080 dierum.

1359 1111 1537 1160 Oratio,

1246 1175 1390 1227 EUS,
1429 1175 1512 1234 qui
1548 1176 1688 1223 nobis
1723 1190 1814 1234 per

1096 1182 1240 1340 Q
1263 1235 1477 1294 singulos
1496 1249 1653 1281 annos
1668 1236 1811 1293 hujus

1091 1308 1178 1341 san
1231 1296 1245 1340 i
1274 1296 1438 1354 templi
1462 1296 1529 1341 tui
1562 1308 1810 1341 consecra-

1094 1355 1236 1401 tionis
1266 1356 1458 1414 reparas
1488 1356 1635 1407 diem,
1660 1363 1707 1401 et
1737 1369 1811 1400 sa-

1094 1414 1811 1475 crissempermysteriisreprae·

1095 1474 1256 1520 sentas
1294 1475 1560 1521 incolumes
1593 1489 1604 1520 :
1636 1474 1812 1520 exeudi

1095 1547 1260 1592 preces
1288 1534 1455 1593 populi
1485 1535 1568 1588 tui,
1598 1543 1646 1580 et
1675 1547 1814 1594 prae·

1096 1600 1203 1646 sta:
1233 1600 1288 1639 ut
1322 1593 1537 1651 quisquis
1568 1594 1662 1640 hoc
1692 1602 1815 1639 tem-

1097 1652 1230 1712 plum
1286 1652 1522 1699 beneficia
1576 1652 1815 1712 petiturus

1097 1711 1373 1770 ingreditur,
1410 1713 1586 1759 cuneta
1628 1727 1681 1758 se
1725 1714 1817 1760 im-

1097 1772 1312 1830 petresse
1331 1772 1546 1819 laetetur.
1600 1772 1692 1817 Per
1711 1773 1818 1822 De-

1098 1833 1294 1878 minum.

1157 1887 1342 1934 Deinde
1359 1887 1442 1934 SS.
1465 1888 1741 1947 Tryphonis
1764 1900 1808 1936 et

1098 1949 1349 2001 sociorum.
1379 1950 1661 2009 Martyrum,
1681 1952 1803 1997 Ana.

1103 2008 1311 2055 Isterum
1346 2016 1418 2055 est
1451 2011 1580 2056 enim
1609 2021 1813 2070 regnum

1101 2068 1357 2121 coelorum,
1395 2070 1478 2127 qui
1514 2072 1816 2131 contempse-

1101 2135 1211 2173 runt
1226 2128 1373 2174 vitam
1388 2129 1571 2182 mundi,
1589 2139 1638 2176 et
1653 2145 1816 2189 perve-
1873 2114 1878 2193 i

1101 2186 1273 2232 nerunt
1293 2188 1358 2232 ad
1373 2189 1589 2245 praemia
1603 2191 1753 2248 regni,
1767 2199 1814 2236 et

1101 2245 1316 2292 laverunt
1336 2247 1483 2293 stolas
1505 2261 1617 2294 suas
1638 2250 1688 2294 in
1708 2249 1818 2296 sen-

1101 2305 1247 2362 guine
1267 2305 1409 2363 Agni.

1160 2363 1222 2421 Υ.
1245 2364 1511 2412 Laetemini
1537 2367 1587 2412 in
1616 2368 1744 2421 Dfio,
1771 2379 1817 2415 et

1102 2423 1309 2469 exultate
1336 2425 1465 2483 justi.
1512 2424 1587 2483 R7.
1620 2428 1684 2474 Et
1717 2428 1820 2485 glo-

1102 2481 1287 2529 riemini
1310 2497 1478 2530 omnes
1498 2486 1616 2534 teeti
1638 2489 1799 2535 corde.

1365 2557 1547 2607 Oratio.

1236 2629 1325 2674 AC
1366 2643 1470 2684 nos,
1518 2646 1818 2691 quaesumus

1269 2687 1490 2744 Demine,
1533 2693 1820 2743 sanetorum

1104 2744 1374 2804 Mertyrum
1439 2750 1634 2797 tuerum
1703 2755 1824 2815 Try-

1103 2805 1289 2864 phonis,
1327 2807 1549 2867 Respicii,
1584 2821 1631 2858 et
1671 2814 1825 2873 Nym·

1102 2867 1227 2924 phae
1254 2881 1440 2930 semper
1465 2870 1598 2933 festa⁸
1613 2874 1790 2923 sedari
1813 2891 1824 2923 :

1913 283 1922 338 l
