2050 3392
320 253 389 306 66

371 385 416 429 A
427 381 704 428 fortitudine
720 395 890 427 manus
906 389 1018 427 tuae

311 456 404 501 ego
435 442 584 488 defeci
617 442 667 486 in
688 441 1019 499 increpationi-

309 505 402 549 bus
428 517 440 549 ε
463 501 490 527 ⁴*
505 510 700 605 profiter
719 500 1018 558 iniquithtem

312 562 578 621 corripuisti
634 559 857 606 ominem.

374 624 435 668 Et
458 621 700 668 tabescere
721 618 869 670 fecisti
893 619 1014 664 sicut

311 682 537 729 amineam
577 681 788 726 Animam
824 680 927 736 ejus
955 693 965 723 z
989 676 1016 701 *

312 742 638 789 verumtamen
673 754 794 786 vane
828 745 1019 784 contur-

313 802 457 848 batur
474 801 812 854 omnishomo.

366 862 552 907 Exdudi
563 860 827 906 orationem
837 871 1009 909 meam,

315 921 535 974 Domine.
564 928 610 966 et
633 919 1015 979 deprecationem

313 995 473 1028 meam
501 995 511 1027 ε
544 979 571 1004 ⁴*
602 980 796 1025 Auribus
825 978 1016 1037 percipe

314 1041 413 1087 ldcr
447 1054 549 1086 mas
564 1054 710 1085 meas.
815 1068 818 1075 ·

428 1115 456 1146 e
475 1100 611 1146 sileas
635 1114 646 1145 :
675 1096 904 1156 quoniam
935 1096 1021 1142 ad-

313 1174 436 1207 vena
465 1173 558 1217 ego
587 1172 695 1205 sum
724 1158 856 1216 apud
887 1164 946 1208 te,
973 1164 1022 1201 et

315 1221 603 1279 peregrinus,
642 1216 669 1241 ⁴*
699 1218 823 1262 sicut
854 1229 1021 1260 omnes

316 1288 476 1339 patres
498 1278 607 1322 mei.

373 1337 581 1383 Remitte
603 1335 733 1386 mihi,
756 1341 809 1380 ut
829 1333 1019 1391 refrige-

317 1411 392 1443 rer
410 1396 687 1456 priusquam
707 1393 892 1448 ehem,
921 1392 948 1417 ⁴*
970 1400 1018 1439 et

317 1457 524 1516 Amplius
544 1468 643 1500 non
662 1467 759 1500 ero.

471 1547 684 1596 psalmus
706 1551 859 1595 xxxix,

469 1634 917 1681 XPECTANSe
977 1648 1022 1679 e-

498 1695 622 1742 &Avi
640 1694 915 1750 Dominum,
974 1703 1021 1741 et

321 1752 521 1802 intendit
544 1756 672 1801 mihi.

383 1816 445 1860 Et
466 1815 702 1861 exaudivit
744 1828 906 1873 preces
924 1828 1025 1859 me·

321 1888 376 1920 as
404 1889 414 1919 :
438 1873 465 1898 ⁴*
486 1884 533 1921 et
554 1873 716 1920 eduxit
737 1888 815 1919 me
835 1876 896 1919 de
915 1875 1021 1919 lacu

322 1934 549 1986 miseriae,
571 1942 618 1979 et
644 1935 704 1978 de
724 1934 825 1979 luto
860 1934 1016 1978 faecis.

384 1994 446 2040 Et
470 1993 635 2038 statuit
667 2007 723 2038 su
786 2006 809 2037 r
837 2001 1021 2051 petram

321 2054 470 2111 pedes
500 2066 633 2098 meos
670 2067 682 2099 ε
771 2061 817 2098 et
856 2051 1022 2097 direxit

321 2127 511 2171 gressus
532 2125 679 2158 meos.

386 2173 448 2219 Et
479 2172 672 2217 immisit
705 2171 752 2216 in
773 2184 828 2217 os
861 2185 1021 2215 meum

322 2232 562 2278 canticum
579 2245 767 2284 novum,
791 2230 818 2255 ⁴*
833 2243 1024 2276 carmen

326 2291 434 2337 Deo
456 2299 632 2337 nostro.

384 2350 627 2396 Videbunt
648 2350 782 2394 multi
813 2357 861 2394 et
892 2348 1027 2394 time-

322 2411 442 2455 bunt
452 2424 462 2456 :
472 2409 499 2433 ⁴*
508 2418 554 2455 et
563 2409 819 2467 sperabunt
829 2409 876 2452 in
895 2409 1019 2453 Dfio.

387 2469 561 2515 Beatus
583 2470 661 2520 vir,
688 2470 824 2527 cujus
851 2476 923 2513 est
943 2481 1028 2512 no-

325 2542 435 2574 men
458 2528 654 2574 Domini
674 2541 783 2585 spes
795 2529 896 2585 ejus
910 2541 921 2571 :
939 2525 966 2550 ⁴*
979 2535 1027 2572 et

325 2602 422 2633 non
459 2588 662 2645 respexit
704 2588 754 2631 in
796 2585 1027 2632 vanitates

325 2656 371 2693 et
394 2647 602 2694 insanias
622 2647 779 2691 salsas.

387 2707 545 2751 Multa
567 2706 712 2751 fecisti
736 2714 801 2757 tu,
822 2703 1028 2750 Domine

328 2766 461 2811 Deus
477 2778 623 2816 meus,
640 2765 872 2809 mirabilia
888 2773 987 2809 tua:
998 2763 1025 2787 ⁴*

326 2833 374 2870 et
408 2824 779 2881 cogitationibus
815 2825 909 2871 tuis
929 2837 1028 2870 non

326 2891 398 2930 est
420 2884 502 2942 qui
522 2883 686 2930 similis
706 2884 768 2930 sit
789 2884 888 2930 tibi.

578 260 752 314 Fer-ia
778 262 946 314 tertia
971 261 1056 314 ad
1071 261 1448 314 Matutinum.

1144 380 1437 426 AnnuntiAvi
1499 388 1547 426 et
1605 381 1798 428 locutus

1086 455 1192 486 sum
1222 456 1232 486 ε
1270 439 1297 464 ⁴*
1340 439 1640 498 multiplicati
1684 451 1797 486 sunt

1085 514 1228 558 super
1248 499 1511 545 numerum.

1145 559 1438 604 Sacrificium
1447 568 1494 604 et
1503 558 1798 606 oblationem

1089 619 1298 664 noluisti:
1318 617 1344 642 ⁴*
1358 632 1497 663 aures
1515 627 1679 663 autem
1693 634 1797 678 per-

1088 678 1237 723 fecisti
1260 678 1390 723 mihi.

1153 736 1506 783 Holocaustum
1519 746 1566 784 et
1583 752 1674 796 pro
1691 752 1800 797 pec-

1091 795 1201 842 cdto
1215 810 1310 841 non
1328 797 1581 854 postulesti
1606 797 1661 843 τ’
1685 807 1799 844 tunc

1092 857 1187 902 dixi
1212 857 1365 902 :Ecce
1385 857 1536 902 venio.

1156 917 1212 961 In
1243 915 1400 973 cepite
1431 916 1535 961 libri
1567 917 1797 975 scriptum

1092 985 1164 1039 est
1185 978 1246 1021 de
1267 990 1343 1020 me
1380 983 1435 1020 ut
1478 974 1686 1020 facerem
1717 990 1799 1021 vo-

1089 1035 1319 1082 luntatem
1366 1042 1501 1080 tuam
1539 1049 1549 1080 ε
1594 1033 1622 1058 ³*
1667 1035 1798 1081 Deus

1089 1110 1223 1141 meus
1244 1095 1382 1145 volui,
1410 1102 1455 1139 et
1478 1094 1635 1151 legem
1664 1102 1794 1140 tuam

1089 1156 1138 1200 in
1157 1155 1318 1200 medio
1338 1154 1495 1199 cordis
1516 1153 1626 1199 mei.
1683 1179 1689 1184 ·

1146 1213 1437 1260 Annuntizitvi
1454 1213 1643 1272 justitia
1663 1221 1795 1260 tuam

1089 1277 1137 1321 in
1169 1275 1366 1322 ecclesia
1402 1287 1592 1330 magna,
1628 1272 1657 1298 ὓ
1687 1287 1797 1320 ecee

1090 1335 1216 1381 labia
1236 1348 1345 1379 mea
1374 1346 1471 1378 non
1493 1333 1762 1393 prohibebo
1783 1349 1793 1378 ε

1092 1395 1311 1446 Βόῐηίηα
1340 1402 1392 1438 tu
1413 1393 1556 1438 scisti.

1143 1455 1389 1517 Justitiam
1409 1461 1543 1498 tuam
1566 1466 1667 1497 non
1686 1453 1794 1498 abs-

1089 1514 1230 1560 condi
1281 1515 1332 1559 in
1372 1514 1516 1558 corde
1565 1526 1679 1557 meo
1707 1527 1717 1558 :
1769 1510 1796 1535 ⁴*

1090 1573 1334 1619 veritatem
1362 1581 1497 1617 tuam
1518 1580 1564 1617 et
1588 1570 1795 1617 salutet-e

1091 1641 1228 1678 tuum
1250 1633 1360 1677 dixi.

1151 1693 1264 1738 Non
1285 1690 1516 1738 abscondi
1536 1691 1799 1739 misericor·

1090 1753 1221 1798 diam
1271 1760 1404 1798 tuam
1455 1761 1500 1797 et
1549 1753 1796 1798 veritatem

1091 1820 1225 1858 tuam
1247 1811 1274 1835 ὓ
1295 1826 1325 1856 a
1346 1811 1545 1856 concilio
1563 1812 1731 1857 multo.

1149 1872 1227 1916 Tu
1244 1879 1416 1923 autem,
1436 1870 1554 1922 Dile,
1579 1885 1641 1916 ne
1654 1872 1796 1929 longe

1092 1930 1238 1976 facias
1269 1929 1595 1976 miserationes
1626 1938 1735 1976 tuas
1763 1944 1796 1975 a

1093 2004 1168 2035 me
1191 2006 1200 2035 :
1233 1989 1260 2015 ἢ
1291 1989 1616 2035 misericordia
1645 1998 1731 2035 tua
1748 1998 1795 2036 et

1093 2050 1261 2096 veritas
1277 2058 1361 2095 tua
1374 2061 1563 2107 semper
1577 2049 1799 2108 suscepe-

1091 2118 1201 2154 runt
1221 2123 1313 2154 me.

1151 2168 1345 2224 Quonia
1382 2167 1795 2214 circumdederunt

1093 2242 1170 2273 me
1199 2229 1338 2280 mala,
1367 2241 1572 2309 <luorum
1596 2241 1694 2272 non
1724 2236 1794 2273 est

1093 2287 1316 2332 numerus
1343 2301 1354 2332 ι
1425 2287 1800 2344 comprehende-

1093 2355 1202 2391 runt
1234 2360 1311 2391 me
1338 2345 1611 2403 iniquitates
1644 2359 1794 2398 meae,

1093 2414 1138 2451 et
1162 2419 1258 2450 non
1275 2404 1406 2463 potui
1430 2414 1483 2451 ut
1504 2404 1729 2451 viderem.

1156 2464 1503 2523 Multiplicatae
1523 2473 1635 2511 sunt
1658 2477 1803 2522 super

1095 2525 1291 2582 capillos
1322 2523 1493 2582 capitis
1528 2525 1622 2569 mei
1652 2540 1663 2570 z
1697 2524 1725 2548 ⁴*
1753 2533 1798 2570 et

1095 2597 1178 2629 cor
1196 2597 1356 2628 meum
1378 2583 1628 2640 dereliquit
1643 2597 1736 2629 me.

1146 2642 1454 2700 Compldceat
1464 2642 1562 2692 tibi.
1573 2642 1798 2696 Domine,

1094 2711 1147 2748 ut
1163 2703 1301 2748 eruas
1317 2714 1419 2746 me:
1442 2699 1467 2723 ⁴*
1491 2701 1714 2754 Domine,
1735 2703 1800 2747 ad

1095 2760 1420 2821 adjuvandum
1441 2773 1518 2804 me
1539 2760 1736 2818 respice-

1154 2820 1522 2867 Coniundantur
1575 2828 1623 2865 et
1672 2833 1801 2865 reve·

1093 2881 1285 2928 redntur
1295 2879 1447 2932 simul,
1469 2878 1551 2937 qui
1565 2887 1802 2937 quaerunt
