<?xml version="1.0" encoding="UTF-8"?>
<!DOCTYPE html PUBLIC "-//W3C//DTD XHTML 1.0 Transitional//EN"
    "http://www.w3.org/TR/xhtml1/DTD/xhtml1-transitional.dtd">
<html xmlns="http://www.w3.org/1999/xhtml" xml:lang="en" lang="en">
 <head>
  <title>
</title>
<meta http-equiv="Content-Type" content="text/html;charset=utf-8" />
  <meta name='ocr-system' content='tesseract 3.04.00' />
  <meta name='ocr-capabilities' content='ocr_page ocr_carea ocr_par ocr_line ocrx_word'/>
</head>
<body>
  <div class='ocr_page' id='page_1' title='image "./breviariumroman03churgoog/breviariumroman03churgoog_1125.png"; bbox 0 0 2050 3392; ppageno 0'>
   <div class='ocr_carea' id='block_1_1' title="bbox 326 184 1913 213">
    <p class='ocr_par' dir='ltr' id='par_1_1' title="bbox 326 184 1913 213">
     <span class='ocr_line' id='line_1_1' title="bbox 326 184 1913 213; baseline 0 3179"><span class='ocrx_word' id='word_1_1' title='bbox 326 184 1913 213; x_wconf 95' lang='lat' dir='ltr'> </span> 
     </span>
    </p>
   </div>
   <div class='ocr_carea' id='block_1_2' title="bbox 781 234 1467 312">
    <p class='ocr_par' dir='ltr' id='par_1_2' title="bbox 781 234 1467 312">
     <span class='ocr_line' id='line_1_2' title="bbox 781 234 1467 312; baseline -0.013 -6"><span class='ocrx_word' id='word_1_2' title='bbox 781 234 952 305; x_wconf 71' lang='lat' dir='ltr'><em>Ritus</em></span> <span class='ocrx_word' id='word_1_3' title='bbox 977 244 1178 301; x_wconf 82' lang='lat' dir='ltr'>Bened.</span> <span class='ocrx_word' id='word_1_4' title='bbox 1205 241 1260 293; x_wconf 87' lang='lat' dir='ltr'><em>A</em></span> <span class='ocrx_word' id='word_1_5' title='bbox 1255 245 1467 312; x_wconf 80' lang='lat' dir='ltr'>postol.</span> 
     </span>
    </p>
   </div>
   <div class='ocr_carea' id='block_1_3' title="bbox 380 391 1116 1207">
    <p class='ocr_par' dir='ltr' id='par_1_3' title="bbox 595 391 1091 444">
     <span class='ocr_line' id='line_1_3' title="bbox 595 391 1091 444; baseline 0 -6"><span class='ocrx_word' id='word_1_6' title='bbox 595 393 722 438; x_wconf 86' lang='grc' dir='ltr'>ΙΜΑ</span> <span class='ocrx_word' id='word_1_7' title='bbox 764 391 954 444; x_wconf 88' lang='lat' dir='ltr'>Christi,</span> <span class='ocrx_word' id='word_1_8' title='bbox 981 406 1091 438; x_wconf 87' lang='lat' dir='ltr'>san·</span> 
     </span>
    </p>

    <p class='ocr_par' dir='ltr' id='par_1_4' title="bbox 380 451 1116 1207">
     <span class='ocr_line' id='line_1_4' title="bbox 568 451 1092 509; baseline -0.004 -12"><span class='ocrx_word' id='word_1_9' title='bbox 568 452 728 497; x_wconf 71' lang='lat' dir='ltr'>‹stifica</span> <span class='ocrx_word' id='word_1_10' title='bbox 743 465 834 498; x_wconf 88' lang='lat' dir='ltr'>me.</span> <span class='ocrx_word' id='word_1_11' title='bbox 901 451 1092 509; x_wconf 88' lang='lat' dir='ltr'>Corpus</span> 
     </span>
     <span class='ocr_line' id='line_1_5' title="bbox 380 509 1091 568; baseline 0 -13"><span class='ocrx_word' id='word_1_12' title='bbox 380 509 570 563; x_wconf 83' lang='lat' dir='ltr'>Christi,</span> <span class='ocrx_word' id='word_1_13' title='bbox 593 512 723 556; x_wconf 87' lang='lat' dir='ltr'>salva</span> <span class='ocrx_word' id='word_1_14' title='bbox 743 525 834 556; x_wconf 90' lang='lat' dir='ltr'>me.</span> <span class='ocrx_word' id='word_1_15' title='bbox 882 510 1091 568; x_wconf 77' lang='lat' dir='ltr'>Sanguis</span> 
     </span>
     <span class='ocr_line' id='line_1_6' title="bbox 382 570 1092 627; baseline 0 -13"><span class='ocrx_word' id='word_1_16' title='bbox 382 571 570 623; x_wconf 85' lang='lat' dir='ltr'>Christi,</span> <span class='ocrx_word' id='word_1_17' title='bbox 592 571 770 615; x_wconf 79' lang='lat' dir='ltr'>inebria</span> <span class='ocrx_word' id='word_1_18' title='bbox 790 584 882 615; x_wconf 86' lang='lat' dir='ltr'>me.</span> <span class='ocrx_word' id='word_1_19' title='bbox 947 570 1092 627; x_wconf 85' lang='lat' dir='ltr'><strong>Aqua</strong></span> 
     </span>
     <span class='ocr_line' id='line_1_7' title="bbox 381 629 1086 681; baseline 0 -8"><span class='ocrx_word' id='word_1_20' title='bbox 381 629 538 675; x_wconf 72' lang='lat' dir='ltr'>lateris</span> <span class='ocrx_word' id='word_1_21' title='bbox 590 629 775 681; x_wconf 84' lang='lat' dir='ltr'>Christi,</span> <span class='ocrx_word' id='word_1_22' title='bbox 833 629 942 673; x_wconf 87' lang='lat' dir='ltr'>lava</span> <span class='ocrx_word' id='word_1_23' title='bbox 991 642 1086 673; x_wconf 89' lang='lat' dir='ltr'>me.</span> 
     </span>
     <span class='ocr_line' id='line_1_8' title="bbox 384 688 1116 739; baseline -0.003 -6"><span class='ocrx_word' id='word_1_24' title='bbox 384 689 549 734; x_wconf 67' lang='lat' dir='ltr'>Passio</span> <span class='ocrx_word' id='word_1_25' title='bbox 563 688 749 739; x_wconf 83' lang='lat' dir='ltr'>Christi,</span> <span class='ocrx_word' id='word_1_26' title='bbox 763 688 984 733; x_wconf 79' lang='lat' dir='ltr'>conforta</span> <span class='ocrx_word' id='word_1_27' title='bbox 996 701 1087 731; x_wconf 88' lang='lat' dir='ltr'>me.</span> <span class='ocrx_word' id='word_1_28' title='bbox 1106 693 1116 715; x_wconf 80' lang='grc'><strong><em>’</em></strong></span> 
     </span>
     <span class='ocr_line' id='line_1_9' title="bbox 381 745 1087 809; baseline -0.003 -17"><span class='ocrx_word' id='word_1_29' title='bbox 381 748 425 793; x_wconf 93' lang='lat' dir='ltr'>O</span> <span class='ocrx_word' id='word_1_30' title='bbox 467 748 593 792; x_wconf 91' lang='lat' dir='ltr'>bone</span> <span class='ocrx_word' id='word_1_31' title='bbox 617 747 749 809; x_wconf 85' lang='lat' dir='ltr'>Jesu,</span> <span class='ocrx_word' id='word_1_32' title='bbox 787 745 962 792; x_wconf 56' lang='lat' dir='ltr'>exhudi</span> <span class='ocrx_word' id='word_1_33' title='bbox 994 760 1087 790; x_wconf 89' lang='lat' dir='ltr'>me.</span> 
     </span>
     <span class='ocr_line' id='line_1_10' title="bbox 385 804 1093 851; baseline -0.001 -1"><span class='ocrx_word' id='word_1_34' title='bbox 385 807 514 851; x_wconf 87' lang='lat' dir='ltr'>Intra</span> <span class='ocrx_word' id='word_1_35' title='bbox 533 815 618 851; x_wconf 89' lang='lat' dir='ltr'>tua</span> <span class='ocrx_word' id='word_1_36' title='bbox 633 804 831 851; x_wconf 75' lang='lat' dir='ltr'>vulnera</span> <span class='ocrx_word' id='word_1_37' title='bbox 849 804 1093 851; x_wconf 78' lang='lat' dir='ltr'>absconde</span> 
     </span>
     <span class='ocr_line' id='line_1_11' title="bbox 382 865 1093 923; baseline -0.001 -14"><span class='ocrx_word' id='word_1_38' title='bbox 382 878 471 909; x_wconf 89' lang='lat' dir='ltr'>me.</span> <span class='ocrx_word' id='word_1_39' title='bbox 540 865 616 910; x_wconf 89' lang='lat' dir='ltr'>Ne</span> <span class='ocrx_word' id='word_1_40' title='bbox 638 865 891 923; x_wconf 81' lang='lat' dir='ltr'>permittas</span> <span class='ocrx_word' id='word_1_41' title='bbox 923 879 1000 909; x_wconf 89' lang='lat' dir='ltr'>me</span> <span class='ocrx_word' id='word_1_42' title='bbox 1021 878 1093 908; x_wconf 90' lang='lat' dir='ltr'>se-</span> 
     </span>
     <span class='ocr_line' id='line_1_12' title="bbox 383 924 1094 982; baseline -0.001 -14"><span class='ocrx_word' id='word_1_43' title='bbox 383 924 534 982; x_wconf 72' lang='lat' dir='ltr'>parati</span> <span class='ocrx_word' id='word_1_44' title='bbox 557 938 587 969; x_wconf 87' lang='lat' dir='ltr'>a</span> <span class='ocrx_word' id='word_1_45' title='bbox 608 932 668 970; x_wconf 87' lang='lat' dir='ltr'>te.</span> <span class='ocrx_word' id='word_1_46' title='bbox 734 925 813 969; x_wconf 88' lang='lat' dir='ltr'>Ab</span> <span class='ocrx_word' id='word_1_47' title='bbox 835 925 977 970; x_wconf 88' lang='lat' dir='ltr'>hoste</span> <span class='ocrx_word' id='word_1_48' title='bbox 994 937 1094 967; x_wconf 87' lang='lat' dir='ltr'>ma-</span> 
     </span>
     <span class='ocr_line' id='line_1_13' title="bbox 383 983 1094 1041; baseline -0.003 -14"><span class='ocrx_word' id='word_1_49' title='bbox 383 983 516 1041; x_wconf 80' lang='lat' dir='ltr'>ligno</span> <span class='ocrx_word' id='word_1_50' title='bbox 538 983 742 1030; x_wconf 75' lang='lat' dir='ltr'>defende</span> <span class='ocrx_word' id='word_1_51' title='bbox 764 998 854 1029; x_wconf 88' lang='lat' dir='ltr'>me.</span> <span class='ocrx_word' id='word_1_52' title='bbox 905 984 960 1028; x_wconf 90' lang='lat' dir='ltr'>In</span> <span class='ocrx_word' id='word_1_53' title='bbox 974 984 1094 1027; x_wconf 84' lang='lat' dir='ltr'>hora</span> 
     </span>
     <span class='ocr_line' id='line_1_14' title="bbox 382 1042 1093 1088; baseline -0.003 -1"><span class='ocrx_word' id='word_1_54' title='bbox 382 1044 550 1088; x_wconf 89' lang='lat' dir='ltr'>mortis</span> <span class='ocrx_word' id='word_1_55' title='bbox 573 1056 708 1088; x_wconf 86' lang='lat' dir='ltr'>meae</span> <span class='ocrx_word' id='word_1_56' title='bbox 733 1056 850 1088; x_wconf 88' lang='lat' dir='ltr'>voca</span> <span class='ocrx_word' id='word_1_57' title='bbox 870 1056 962 1087; x_wconf 91' lang='lat' dir='ltr'>me.</span> <span class='ocrx_word' id='word_1_58' title='bbox 1032 1042 1093 1085; x_wconf 91' lang='lat' dir='ltr'>Et</span> 
     </span>
     <span class='ocr_line' id='line_1_15' title="bbox 383 1102 1094 1160; baseline -0.003 -14"><span class='ocrx_word' id='word_1_59' title='bbox 383 1103 495 1160; x_wconf 89' lang='lat' dir='ltr'>jube</span> <span class='ocrx_word' id='word_1_60' title='bbox 536 1116 614 1147; x_wconf 87' lang='lat' dir='ltr'>me</span> <span class='ocrx_word' id='word_1_61' title='bbox 654 1102 812 1147; x_wconf 68' lang='lat' dir='ltr'>ventre</span> <span class='ocrx_word' id='word_1_62' title='bbox 847 1102 910 1147; x_wconf 88' lang='lat' dir='ltr'>ad</span> <span class='ocrx_word' id='word_1_63' title='bbox 943 1109 1003 1152; x_wconf 89' lang='lat' dir='ltr'>te,</span> <span class='ocrx_word' id='word_1_64' title='bbox 1043 1108 1094 1145; x_wconf 90' lang='lat' dir='ltr'>ut</span> 
     </span>
     <span class='ocr_line' id='line_1_16' title="bbox 382 1160 1095 1207; baseline -0.003 -2"><span class='ocrx_word' id='word_1_65' title='bbox 382 1174 492 1205; x_wconf 90' lang='lat' dir='ltr'>cum</span> <span class='ocrx_word' id='word_1_66' title='bbox 536 1161 725 1206; x_wconf 68' lang='lat' dir='ltr'>Sanctis</span> <span class='ocrx_word' id='word_1_67' title='bbox 767 1162 861 1207; x_wconf 85' lang='lat' dir='ltr'>tuis</span> <span class='ocrx_word' id='word_1_68' title='bbox 899 1160 1095 1205; x_wconf 89' lang='lat' dir='ltr'>laudem</span> 
     </span>
    </p>
   </div>
   <div class='ocr_carea' id='block_1_4' title="bbox 381 1219 1090 1323">
    <p class='ocr_par' dir='ltr' id='par_1_5' title="bbox 381 1219 1090 1323">
     <span class='ocr_line' id='line_1_17' title="bbox 381 1219 1090 1323; baseline 0.001 -60"><span class='ocrx_word' id='word_1_69' title='bbox 381 1227 430 1323; x_wconf 39' lang='lat' dir='ltr'>ke</span> <span class='ocrx_word' id='word_1_70' title='bbox 471 1220 520 1264; x_wconf 91' lang='lat' dir='ltr'>in</span> <span class='ocrx_word' id='word_1_71' title='bbox 551 1221 741 1266; x_wconf 85' lang='lat' dir='ltr'>saecula</span> <span class='ocrx_word' id='word_1_72' title='bbox 775 1219 1090 1265; x_wconf 81' lang='lat' dir='ltr'>saeculorum.</span> 
     </span>
     <span class='ocr_line' id='line_1_18' title="bbox 430 1292 554 1323; baseline 0.008 -1"><span class='ocrx_word' id='word_1_73' title='bbox 430 1292 554 1323; x_wconf 89' lang='lat' dir='ltr'>men.</span> 
     </span>
    </p>
   </div>
   <div class='ocr_carea' id='block_1_5' title="bbox 652 1362 828 1372">
    <p class='ocr_par' dir='ltr' id='par_1_6' title="bbox 652 1362 828 1372">
     <span class='ocr_line' id='line_1_19' title="bbox 652 1362 828 1372; baseline 0 2020"><span class='ocrx_word' id='word_1_74' title='bbox 652 1362 828 1372; x_wconf 95' lang='lat' dir='ltr'> </span> 
     </span>
    </p>
   </div>
   <div class='ocr_carea' id='block_1_6' title="bbox 639 1421 846 1467">
    <p class='ocr_par' dir='ltr' id='par_1_7' title="bbox 639 1421 846 1467">
     <span class='ocr_line' id='line_1_20' title="bbox 639 1421 846 1467; baseline 0.005 -1"><span class='ocrx_word' id='word_1_75' title='bbox 639 1421 846 1467; x_wconf 87' lang='lat' dir='ltr'>RITUS</span> 
     </span>
    </p>
   </div>
   <div class='ocr_carea' id='block_1_7' title="bbox 391 1506 1111 2864">
    <p class='ocr_par' dir='ltr' id='par_1_8' title="bbox 406 1506 1075 1605">
     <span class='ocr_line' id='line_1_21' title="bbox 406 1506 1075 1545; baseline 0 0"><span class='ocrx_word' id='word_1_76' title='bbox 406 1508 820 1545; x_wconf 81' lang='lat' dir='ltr'><strong>BENEDICTIONIS</strong></span> <span class='ocrx_word' id='word_1_77' title='bbox 849 1506 1075 1545; x_wconf 78' lang='lat' dir='ltr'>APOSTO-</span> 
     </span>
     <span class='ocr_line' id='line_1_22' title="bbox 661 1567 825 1605; baseline 0 -2"><span class='ocrx_word' id='word_1_78' title='bbox 661 1567 825 1605; x_wconf 74' lang='lat' dir='ltr'>LICAE</span> 
     </span>
    </p>

    <p class='ocr_par' dir='ltr' id='par_1_9' title="bbox 391 1621 1103 1800">
     <span class='ocr_line' id='line_1_23' title="bbox 454 1621 1098 1668; baseline -0.002 -1"><span class='ocrx_word' id='word_1_79' title='bbox 454 1624 510 1668; x_wconf 91' lang='lat' dir='ltr'>ln</span> <span class='ocrx_word' id='word_1_80' title='bbox 537 1622 738 1667; x_wconf 85' lang='lat' dir='ltr'>articulo</span> <span class='ocrx_word' id='word_1_81' title='bbox 769 1621 933 1666; x_wconf 86' lang='lat' dir='ltr'>mortis</span> <span class='ocrx_word' id='word_1_82' title='bbox 961 1635 992 1665; x_wconf 88' lang='lat' dir='ltr'>a</span> <span class='ocrx_word' id='word_1_83' title='bbox 1013 1621 1098 1666; x_wconf 85' lang='lat' dir='ltr'>Sa·</span> 
     </span>
     <span class='ocr_line' id='line_1_24' title="bbox 391 1681 1103 1739; baseline -0.007 -9"><span class='ocrx_word' id='word_1_84' title='bbox 391 1682 667 1730; x_wconf 87' lang='lat' dir='ltr'>cerdotibus</span> <span class='ocrx_word' id='word_1_85' title='bbox 697 1682 761 1727; x_wconf 88' lang='lat' dir='ltr'>ad</span> <span class='ocrx_word' id='word_1_86' title='bbox 790 1682 838 1727; x_wconf 87' lang='lat' dir='ltr'>id</span> <span class='ocrx_word' id='word_1_87' title='bbox 869 1681 1103 1739; x_wconf 79' lang='lat' dir='ltr'>delegatis</span> 
     </span>
     <span class='ocr_line' id='line_1_25' title="bbox 392 1743 749 1800; baseline -0.006 -12"><span class='ocrx_word' id='word_1_88' title='bbox 392 1743 749 1800; x_wconf 85' lang='lat' dir='ltr'>impertiendae.</span> 
     </span>
    </p>

    <p class='ocr_par' dir='ltr' id='par_1_10' title="bbox 393 1801 1111 2864">
     <span class='ocr_line' id='line_1_26' title="bbox 456 1801 1105 1846; baseline -0.003 0"><span class='ocrx_word' id='word_1_89' title='bbox 456 1802 734 1846; x_wconf 70' lang='lat' dir='ltr'>Benedictio</span> <span class='ocrx_word' id='word_1_90' title='bbox 798 1803 840 1845; x_wconf 91' lang='lat' dir='ltr'>in</span> <span class='ocrx_word' id='word_1_91' title='bbox 904 1801 1105 1845; x_wconf 87' lang='lat' dir='ltr'>articulo</span> 
     </span>
     <span class='ocr_line' id='line_1_27' title="bbox 394 1861 1103 1917; baseline -0.003 -11"><span class='ocrx_word' id='word_1_92' title='bbox 394 1862 572 1912; x_wconf 87' lang='lat' dir='ltr'>mortis,</span> <span class='ocrx_word' id='word_1_93' title='bbox 588 1875 699 1906; x_wconf 89' lang='lat' dir='ltr'>cum</span> <span class='ocrx_word' id='word_1_94' title='bbox 715 1862 861 1906; x_wconf 82' lang='lat' dir='ltr'>soleat</span> <span class='ocrx_word' id='word_1_95' title='bbox 877 1861 1103 1917; x_wconf 87' lang='lat' dir='ltr'>impertiri</span> 
     </span>
     <span class='ocr_line' id='line_1_28' title="bbox 393 1921 1106 1979; baseline -0.004 -13"><span class='ocrx_word' id='word_1_96' title='bbox 393 1930 502 1979; x_wconf 88' lang='lat' dir='ltr'>post</span> <span class='ocrx_word' id='word_1_97' title='bbox 525 1922 834 1966; x_wconf 81' lang='lat' dir='ltr'>Sacramenta</span> <span class='ocrx_word' id='word_1_98' title='bbox 860 1921 1106 1965; x_wconf 85' lang='lat' dir='ltr'>Poeniten-</span> 
     </span>
     <span class='ocr_line' id='line_1_29' title="bbox 393 1981 1105 2033; baseline -0.004 -7"><span class='ocrx_word' id='word_1_99' title='bbox 393 1982 501 2033; x_wconf 82' lang='lat' dir='ltr'>tiae,</span> <span class='ocrx_word' id='word_1_100' title='bbox 521 1982 861 2029; x_wconf 80' lang='lat' dir='ltr'>Eucharistiae.</span> <span class='ocrx_word' id='word_1_101' title='bbox 877 1988 923 2024; x_wconf 87' lang='lat' dir='ltr'>et</span> <span class='ocrx_word' id='word_1_102' title='bbox 944 1981 1105 2025; x_wconf 86' lang='lat' dir='ltr'>Extre-</span> 
     </span>
     <span class='ocr_line' id='line_1_30' title="bbox 395 2039 1099 2088; baseline -0.004 -4"><span class='ocrx_word' id='word_1_103' title='bbox 395 2054 502 2084; x_wconf 86' lang='lat' dir='ltr'>mae</span> <span class='ocrx_word' id='word_1_104' title='bbox 515 2041 770 2084; x_wconf 67' lang='lat' dir='ltr'>Unctionis</span> <span class='ocrx_word' id='word_1_105' title='bbox 786 2041 872 2083; x_wconf 80' lang='lat' dir='ltr'>illis</span> <span class='ocrx_word' id='word_1_106' title='bbox 890 2039 1099 2088; x_wconf 85' lang='lat' dir='ltr'>infirmis,</span> 
     </span>
     <span class='ocr_line' id='line_1_31' title="bbox 394 2099 1103 2157; baseline -0.004 -14"><span class='ocrx_word' id='word_1_107' title='bbox 394 2101 474 2157; x_wconf 90' lang='lat' dir='ltr'>qui</span> <span class='ocrx_word' id='word_1_108' title='bbox 497 2100 572 2144; x_wconf 81' lang='lat' dir='ltr'>vel</span> <span class='ocrx_word' id='word_1_109' title='bbox 589 2100 718 2143; x_wconf 83' lang='lat' dir='ltr'>illam</span> <span class='ocrx_word' id='word_1_110' title='bbox 739 2099 968 2154; x_wconf 74' lang='lat' dir='ltr'>petierint,</span> <span class='ocrx_word' id='word_1_111' title='bbox 989 2100 1103 2141; x_wconf 89' lang='lat' dir='ltr'>dum</span> 
     </span>
     <span class='ocr_line' id='line_1_32' title="bbox 395 2158 1106 2213; baseline -0.004 -11"><span class='ocrx_word' id='word_1_112' title='bbox 395 2173 514 2203; x_wconf 87' lang='lat' dir='ltr'>sana</span> <span class='ocrx_word' id='word_1_113' title='bbox 531 2167 691 2202; x_wconf 83' lang='lat' dir='ltr'>mente</span> <span class='ocrx_word' id='word_1_114' title='bbox 712 2167 758 2202; x_wconf 84' lang='lat' dir='ltr'>et</span> <span class='ocrx_word' id='word_1_115' title='bbox 782 2158 976 2213; x_wconf 82' lang='lat' dir='ltr'>integris</span> <span class='ocrx_word' id='word_1_116' title='bbox 1003 2170 1106 2200; x_wconf 85' lang='lat' dir='ltr'>sen-</span> 
     </span>
     <span class='ocr_line' id='line_1_33' title="bbox 396 2216 1107 2268; baseline -0.003 -7"><span class='ocrx_word' id='word_1_117' title='bbox 396 2219 526 2262; x_wconf 87' lang='lat' dir='ltr'>sibus</span> <span class='ocrx_word' id='word_1_118' title='bbox 539 2225 686 2268; x_wconf 86' lang='lat' dir='ltr'>erant‚</span> <span class='ocrx_word' id='word_1_119' title='bbox 703 2231 786 2260; x_wconf 82' lang='lat' dir='ltr'>seu</span> <span class='ocrx_word' id='word_1_120' title='bbox 802 2216 1107 2260; x_wconf 85' lang='lat' dir='ltr'>verisimiliter</span> 
     </span>
     <span class='ocr_line' id='line_1_34' title="bbox 395 2276 1108 2335; baseline -0.006 -13"><span class='ocrx_word' id='word_1_121' title='bbox 395 2277 653 2335; x_wconf 86' lang='lat' dir='ltr'>petiissent,</span> <span class='ocrx_word' id='word_1_122' title='bbox 691 2277 763 2320; x_wconf 87' lang='lat' dir='ltr'>vel</span> <span class='ocrx_word' id='word_1_123' title='bbox 800 2277 1017 2320; x_wconf 87' lang='lat' dir='ltr'>dederint</span> <span class='ocrx_word' id='word_1_124' title='bbox 1050 2276 1108 2318; x_wconf 87' lang='lat' dir='ltr'>si-</span> 
     </span>
     <span class='ocr_line' id='line_1_35' title="bbox 397 2337 1106 2394; baseline -0.006 -13"><span class='ocrx_word' id='word_1_125' title='bbox 397 2351 495 2394; x_wconf 88' lang='lat' dir='ltr'>gna</span> <span class='ocrx_word' id='word_1_126' title='bbox 549 2337 845 2381; x_wconf 84' lang='lat' dir='ltr'>contritionis</span> <span class='ocrx_word' id='word_1_127' title='bbox 870 2351 879 2387; x_wconf 85' lang='lat'><strong>;</strong></span> <span class='ocrx_word' id='word_1_128' title='bbox 936 2337 1106 2391; x_wconf 84' lang='lat' dir='ltr'>imper-</span> 
     </span>
     <span class='ocr_line' id='line_1_36' title="bbox 398 2395 1105 2444; baseline -0.007 -3"><span class='ocrx_word' id='word_1_129' title='bbox 398 2397 561 2441; x_wconf 87' lang='lat' dir='ltr'>tienda</span> <span class='ocrx_word' id='word_1_130' title='bbox 590 2397 759 2440; x_wconf 81' lang='lat' dir='ltr'>iisdem</span> <span class='ocrx_word' id='word_1_131' title='bbox 796 2403 880 2444; x_wconf 83' lang='lat' dir='ltr'>est.</span> <span class='ocrx_word' id='word_1_132' title='bbox 923 2395 1105 2438; x_wconf 71' lang='lat' dir='ltr'>etiamsi</span> 
     </span>
     <span class='ocr_line' id='line_1_37' title="bbox 398 2456 1110 2513; baseline -0.006 -13"><span class='ocrx_word' id='word_1_133' title='bbox 398 2464 567 2513; x_wconf 88' lang='lat' dir='ltr'>postea</span> <span class='ocrx_word' id='word_1_134' title='bbox 580 2456 1110 2512; x_wconf 82' lang='lat' dir='ltr'>linguae‚caeterorum·</span> 
     </span>
     <span class='ocr_line' id='line_1_38' title="bbox 400 2512 1108 2572; baseline -0.006 -13"><span class='ocrx_word' id='word_1_135' title='bbox 400 2529 493 2572; x_wconf 88' lang='lat' dir='ltr'>que</span> <span class='ocrx_word' id='word_1_136' title='bbox 510 2528 735 2559; x_wconf 89' lang='lat' dir='ltr'>sensuum</span> <span class='ocrx_word' id='word_1_137' title='bbox 753 2529 844 2558; x_wconf 83' lang='lat' dir='ltr'>usu</span> <span class='ocrx_word' id='word_1_138' title='bbox 862 2515 954 2557; x_wconf 87' lang='lat' dir='ltr'>sint</span> <span class='ocrx_word' id='word_1_139' title='bbox 968 2512 1108 2557; x_wconf 89' lang='lat' dir='ltr'>desti-</span> 
     </span>
     <span class='ocr_line' id='line_1_39' title="bbox 399 2570 1109 2625; baseline -0.008 -6"><span class='ocrx_word' id='word_1_140' title='bbox 399 2575 504 2625; x_wconf 88' lang='lat' dir='ltr'>tuti,</span> <span class='ocrx_word' id='word_1_141' title='bbox 552 2581 637 2618; x_wconf 84' lang='lat' dir='ltr'>aut</span> <span class='ocrx_word' id='word_1_142' title='bbox 679 2575 724 2617; x_wconf 93' lang='lat' dir='ltr'>in</span> <span class='ocrx_word' id='word_1_143' title='bbox 769 2573 997 2621; x_wconf 83' lang='lat' dir='ltr'>delirium,</span> <span class='ocrx_word' id='word_1_144' title='bbox 1036 2570 1109 2614; x_wconf 85' lang='lat' dir='ltr'>vel</span> 
     </span>
     <span class='ocr_line' id='line_1_40' title="bbox 399 2630 1110 2678; baseline -0.008 0"><span class='ocrx_word' id='word_1_145' title='bbox 399 2634 659 2678; x_wconf 87' lang='lat' dir='ltr'>amentiam</span> <span class='ocrx_word' id='word_1_146' title='bbox 682 2632 943 2676; x_wconf 88' lang='lat' dir='ltr'>inciderint.</span> <span class='ocrx_word' id='word_1_147' title='bbox 1017 2630 1110 2673; x_wconf 88' lang='lat' dir='ltr'>Ex-</span> 
     </span>
     <span class='ocr_line' id='line_1_41' title="bbox 399 2691 1110 2745; baseline -0.006 -10"><span class='ocrx_word' id='word_1_148' title='bbox 399 2693 764 2736; x_wconf 87' lang='lat' dir='ltr'>communicatis</span> <span class='ocrx_word' id='word_1_149' title='bbox 786 2703 908 2741; x_wconf 88' lang='lat' dir='ltr'>vero,</span> <span class='ocrx_word' id='word_1_150' title='bbox 932 2691 1110 2745; x_wconf 86' lang='lat' dir='ltr'>impoe-</span> 
     </span>
     <span class='ocr_line' id='line_1_42' title="bbox 400 2747 1111 2806; baseline -0.003 -14"><span class='ocrx_word' id='word_1_151' title='bbox 400 2751 674 2800; x_wconf 85' lang='lat' dir='ltr'>nitentibus.</span> <span class='ocrx_word' id='word_1_152' title='bbox 695 2750 836 2806; x_wconf 87' lang='lat' dir='ltr'>etqui</span> <span class='ocrx_word' id='word_1_153' title='bbox 852 2749 899 2792; x_wconf 93' lang='lat' dir='ltr'>in</span> <span class='ocrx_word' id='word_1_154' title='bbox 916 2747 1111 2791; x_wconf 79' lang='lat' dir='ltr'>manife-</span> 
     </span>
     <span class='ocr_line' id='line_1_43' title="bbox 399 2807 1111 2864; baseline -0.001 -14"><span class='ocrx_word' id='word_1_155' title='bbox 399 2815 475 2851; x_wconf 86' lang='lat' dir='ltr'>sto</span> <span class='ocrx_word' id='word_1_156' title='bbox 484 2817 687 2864; x_wconf 87' lang='lat' dir='ltr'>peccato</span> <span class='ocrx_word' id='word_1_157' title='bbox 701 2808 886 2852; x_wconf 84' lang='lat' dir='ltr'>mortali</span> <span class='ocrx_word' id='word_1_158' title='bbox 904 2807 1111 2851; x_wconf 89' lang='lat' dir='ltr'>moriun-</span> 
     </span>
    </p>
   </div>
   <div class='ocr_carea' id='block_1_8' title="bbox 1154 380 1954 674">
    <p class='ocr_par' dir='ltr' id='par_1_11' title="bbox 1154 380 1954 674">
     <span class='ocr_line' id='line_1_44' title="bbox 1216 380 1880 437; baseline -0.003 -12"><span class='ocrx_word' id='word_1_159' title='bbox 1216 380 1420 425; x_wconf 83' lang='lat' dir='ltr'>Habens</span> <span class='ocrx_word' id='word_1_160' title='bbox 1470 381 1775 437; x_wconf 56' lang='lat' dir='ltr'>praedictam</span> <span class='ocrx_word' id='word_1_161' title='bbox 1819 380 1880 423; x_wconf 80' lang='lat' dir='ltr'>fa·</span> 
     </span>
     <span class='ocr_line' id='line_1_45' title="bbox 1154 439 1884 496; baseline -0.004 -12"><span class='ocrx_word' id='word_1_162' title='bbox 1154 441 1399 488; x_wconf 84' lang='lat' dir='ltr'>cultatem,</span> <span class='ocrx_word' id='word_1_163' title='bbox 1415 440 1744 496; x_wconf 87' lang='lat' dir='ltr'>ingrediendo</span> <span class='ocrx_word' id='word_1_164' title='bbox 1758 439 1884 482; x_wconf 83' lang='lat' dir='ltr'>cubi·</span> 
     </span>
     <span class='ocr_line' id='line_1_46' title="bbox 1155 498 1954 556; baseline -0.003 -14"><span class='ocrx_word' id='word_1_165' title='bbox 1155 500 1334 547; x_wconf 88' lang='lat' dir='ltr'>culum.</span> <span class='ocrx_word' id='word_1_166' title='bbox 1363 500 1445 542; x_wconf 90' lang='lat' dir='ltr'>ubi</span> <span class='ocrx_word' id='word_1_167' title='bbox 1478 500 1610 556; x_wconf 86' lang='lat' dir='ltr'>jacet</span> <span class='ocrx_word' id='word_1_168' title='bbox 1649 498 1879 544; x_wconf 77' lang='lat' dir='ltr'>infirmus,</span> <span class='ocrx_word' id='word_1_169' title='bbox 1945 531 1954 543; x_wconf 72' lang='grc'>,,</span> 
     </span>
     <span class='ocr_line' id='line_1_47' title="bbox 1156 555 1883 616; baseline -0.006 1"><span class='ocrx_word' id='word_1_170' title='bbox 1156 559 1316 603; x_wconf 85' lang='lat' dir='ltr'>dicat:</span> <span class='ocrx_word' id='word_1_171' title='bbox 1355 555 1420 616; x_wconf 60' lang='lat'>7⁷-</span> <span class='ocrx_word' id='word_1_172' title='bbox 1447 566 1553 613; x_wconf 85' lang='lat' dir='ltr'>Pax</span> <span class='ocrx_word' id='word_1_173' title='bbox 1567 565 1686 613; x_wconf 86' lang='lat' dir='ltr'>huic</span> <span class='ocrx_word' id='word_1_174' title='bbox 1702 565 1883 614; x_wconf 77' lang='lat' dir='ltr'>domui.</span> 
     </span>
     <span class='ocr_line' id='line_1_48' title="bbox 1158 618 1886 674; baseline 0.001 -1"><span class='ocrx_word' id='word_1_175' title='bbox 1158 618 1220 673; x_wconf 53' lang='grc' dir='ltr'>ΚΤ</span> <span class='ocrx_word' id='word_1_176' title='bbox 1263 625 1327 671; x_wconf 88' lang='lat' dir='ltr'>Et</span> <span class='ocrx_word' id='word_1_177' title='bbox 1358 623 1595 673; x_wconf 79' lang='lat' dir='ltr'>omnibus</span> <span class='ocrx_word' id='word_1_178' title='bbox 1626 627 1886 674; x_wconf 64' lang='lat' dir='ltr'>habitami-</span> 
     </span>
    </p>
   </div>
   <div class='ocr_carea' id='block_1_9' title="bbox 1158 684 1924 791">
    <p class='ocr_par' dir='ltr' id='par_1_12' title="bbox 1158 684 1924 791">
     <span class='ocr_line' id='line_1_49' title="bbox 1158 684 1413 731; baseline 0.004 -1"><span class='ocrx_word' id='word_1_179' title='bbox 1158 684 1320 731; x_wconf 89' lang='lat' dir='ltr'>busin</span> <span class='ocrx_word' id='word_1_180' title='bbox 1341 698 1413 731; x_wconf 88' lang='lat' dir='ltr'>ea.</span> 
     </span>
     <span class='ocr_line' id='line_1_50' title="bbox 1222 734 1924 791; baseline 0 -14"><span class='ocrx_word' id='word_1_181' title='bbox 1222 735 1291 778; x_wconf 74' lang='lat' dir='ltr'>Ac</span> <span class='ocrx_word' id='word_1_182' title='bbox 1314 734 1492 778; x_wconf 86' lang='lat' dir='ltr'>deinde</span> <span class='ocrx_word' id='word_1_183' title='bbox 1514 741 1792 791; x_wconf 84' lang='lat' dir='ltr'>aegrotum,</span> <span class='ocrx_word' id='word_1_184' title='bbox 1814 747 1868 777; x_wconf 89' lang='lat' dir='ltr'>cu</span> <span class='ocrx_word' id='word_1_185' title='bbox 1923 734 1924 739; x_wconf 74' lang='grc'>’</span> 
     </span>
    </p>
   </div>
   <div class='ocr_carea' id='block_1_10' title="bbox 1159 794 1927 1159">
    <p class='ocr_par' dir='ltr' id='par_1_13' title="bbox 1159 794 1927 909">
     <span class='ocr_line' id='line_1_51' title="bbox 1159 794 1927 866; baseline -0.003 -28"><span class='ocrx_word' id='word_1_186' title='bbox 1159 794 1387 843; x_wconf 85' lang='lat' dir='ltr'>biculum,</span> <span class='ocrx_word' id='word_1_187' title='bbox 1434 802 1482 837; x_wconf 91' lang='lat' dir='ltr'>et</span> <span class='ocrx_word' id='word_1_188' title='bbox 1522 794 1885 837; x_wconf 68' lang='lat' dir='ltr'>circumstantes</span> <span class='ocrx_word' id='word_1_189' title='bbox 1923 828 1927 866; x_wconf 57' lang='lat'><em>¹</em></span> 
     </span>
     <span class='ocr_line' id='line_1_52' title="bbox 1159 853 1889 909; baseline -0.003 -12"><span class='ocrx_word' id='word_1_190' title='bbox 1159 861 1385 909; x_wconf 74' lang='lat' dir='ltr'>aspergat</span> <span class='ocrx_word' id='word_1_191' title='bbox 1401 866 1532 908; x_wconf 84' lang='lat' dir='ltr'>aqua</span> <span class='ocrx_word' id='word_1_192' title='bbox 1547 853 1889 903; x_wconf 46' lang='lat' dir='ltr'>benedictadi-</span> 
     </span>
    </p>

    <p class='ocr_par' dir='ltr' id='par_1_14' title="bbox 1160 870 1925 1159">
     <span class='ocr_line' id='line_1_53' title="bbox 1161 870 1925 981; baseline -0.004 -24"><span class='ocrx_word' id='word_1_193' title='bbox 1161 912 1316 957; x_wconf 89' lang='lat' dir='ltr'>cendo</span> <span class='ocrx_word' id='word_1_194' title='bbox 1334 912 1671 969; x_wconf 84' lang='lat' dir='ltr'>Antiphonam</span> <span class='ocrx_word' id='word_1_195' title='bbox 1694 920 1882 981; x_wconf 46' lang='lat' dir='ltr'>:Aspgst</span> <span class='ocrx_word' id='word_1_196' title='bbox 1920 870 1925 966; x_wconf 53' lang='grc' dir='ltr'><strong><em>ι</em></strong></span> 
     </span>
     <span class='ocr_line' id='line_1_54' title="bbox 1160 971 1924 1040; baseline 0.003 -15"><span class='ocrx_word' id='word_1_197' title='bbox 1160 992 1260 1040; x_wconf 33' lang='lat' dir='ltr'>ges·</span> <span class='ocrx_word' id='word_1_198' title='bbox 1299 993 1393 1032; x_wconf 85' lang='lat' dir='ltr'>me.</span> <span class='ocrx_word' id='word_1_199' title='bbox 1442 978 1677 1033; x_wconf 76' lang='lat' dir='ltr'>Domine.</span> <span class='ocrx_word' id='word_1_200' title='bbox 1729 981 1884 1040; x_wconf 76' lang='lat' dir='ltr'>hysso-</span> <span class='ocrx_word' id='word_1_201' title='bbox 1920 971 1924 1007; x_wconf 62' lang='lat'>⁴*</span> 
     </span>
     <span class='ocr_line' id='line_1_55' title="bbox 1162 1040 1882 1097; baseline -0.001 -12"><span class='ocrx_word' id='word_1_202' title='bbox 1162 1053 1241 1097; x_wconf 89' lang='lat' dir='ltr'>po,</span> <span class='ocrx_word' id='word_1_203' title='bbox 1276 1047 1323 1085; x_wconf 90' lang='lat' dir='ltr'>et</span> <span class='ocrx_word' id='word_1_204' title='bbox 1361 1040 1673 1086; x_wconf 77' lang='lat' dir='ltr'>mundabor:</span> <span class='ocrx_word' id='word_1_205' title='bbox 1712 1040 1882 1085; x_wconf 75' lang='lat' dir='ltr'>lavabis</span> 
     </span>
     <span class='ocr_line' id='line_1_56' title="bbox 1164 1100 1883 1159; baseline 0.001 -15"><span class='ocrx_word' id='word_1_206' title='bbox 1164 1113 1241 1144; x_wconf 89' lang='lat' dir='ltr'>me</span> <span class='ocrx_word' id='word_1_207' title='bbox 1262 1105 1309 1145; x_wconf 89' lang='lat' dir='ltr'>et</span> <span class='ocrx_word' id='word_1_208' title='bbox 1332 1112 1485 1159; x_wconf 88' lang='lat' dir='ltr'>super</span> <span class='ocrx_word' id='word_1_209' title='bbox 1507 1100 1674 1147; x_wconf 81' lang='lat' dir='ltr'>nivem</span> <span class='ocrx_word' id='word_1_210' title='bbox 1701 1101 1883 1147; x_wconf 68' lang='lat' dir='ltr'>dealba·</span> 
     </span>
    </p>
   </div>
   <div class='ocr_carea' id='block_1_11' title="bbox 1162 1158 1920 1264">
    <p class='ocr_par' dir='ltr' id='par_1_15' title="bbox 1162 1158 1920 1264">
     <span class='ocr_line' id='line_1_57' title="bbox 1162 1158 1920 1264; baseline -0.004 -13"><span class='ocrx_word' id='word_1_211' title='bbox 1162 1158 1374 1261; x_wconf 54' lang='lat' dir='ltr'>bogjuod</span> <span class='ocrx_word' id='word_1_212' title='bbox 1405 1207 1444 1251; x_wconf 87' lang='lat' dir='ltr'>si</span> <span class='ocrx_word' id='word_1_213' title='bbox 1472 1215 1710 1264; x_wconf 85' lang='lat' dir='ltr'>aegrotus</span> <span class='ocrx_word' id='word_1_214' title='bbox 1742 1207 1882 1251; x_wconf 83' lang='lat' dir='ltr'>volue·</span> <span class='ocrx_word' id='word_1_215' title='bbox 1919 1179 1920 1202; x_wconf 16' lang='grc' dir='ltr'><em>Χ</em></span> 
     </span>
    </p>
   </div>
   <div class='ocr_carea' id='block_1_12' title="bbox 1165 1266 1954 2736">
    <p class='ocr_par' dir='ltr' id='par_1_16' title="bbox 1165 1266 1954 2736">
     <span class='ocr_line' id='line_1_58' title="bbox 1165 1266 1918 1329; baseline -0.005 -19"><span class='ocrx_word' id='word_1_216' title='bbox 1165 1267 1224 1311; x_wconf 85' lang='lat' dir='ltr'>rit</span> <span class='ocrx_word' id='word_1_217' title='bbox 1243 1266 1479 1316; x_wconf 80' lang='lat' dir='ltr'>confiteri,</span> <span class='ocrx_word' id='word_1_218' title='bbox 1502 1268 1672 1311; x_wconf 87' lang='lat' dir='ltr'>audiat</span> <span class='ocrx_word' id='word_1_219' title='bbox 1692 1267 1878 1315; x_wconf 80' lang='lat' dir='ltr'>illuni,et</span> <span class='ocrx_word' id='word_1_220' title='bbox 1915 1290 1918 1329; x_wconf 63' lang='grc' dir='ltr'>Ι</span> 
     </span>
     <span class='ocr_line' id='line_1_59' title="bbox 1165 1326 1918 1381; baseline 0.001 -14"><span class='ocrx_word' id='word_1_221' title='bbox 1165 1326 1404 1369; x_wconf 77' lang='lat' dir='ltr'>absolvat.</span> <span class='ocrx_word' id='word_1_222' title='bbox 1470 1326 1521 1370; x_wconf 85' lang='lat' dir='ltr'>Si</span> <span class='ocrx_word' id='word_1_223' title='bbox 1547 1326 1878 1370; x_wconf 72' lang='lat' dir='ltr'>confessionem</span> <span class='ocrx_word' id='word_1_224' title='bbox 1915 1332 1918 1381; x_wconf 66' lang='grc' dir='ltr'><em>ξ</em></span> 
     </span>
     <span class='ocr_line' id='line_1_60' title="bbox 1168 1385 1919 1451; baseline -0.003 -24"><span class='ocrx_word' id='word_1_225' title='bbox 1168 1398 1263 1428; x_wconf 89' lang='lat' dir='ltr'>non</span> <span class='ocrx_word' id='word_1_226' title='bbox 1290 1392 1440 1440; x_wconf 80' lang='lat' dir='ltr'>petat,</span> <span class='ocrx_word' id='word_1_227' title='bbox 1468 1387 1652 1430; x_wconf 84' lang='lat' dir='ltr'>excitet</span> <span class='ocrx_word' id='word_1_228' title='bbox 1677 1387 1802 1429; x_wconf 84' lang='lat' dir='ltr'>illurn</span> <span class='ocrx_word' id='word_1_229' title='bbox 1832 1385 1879 1426; x_wconf 74' lang='lat' dir='ltr'>ad</span> <span class='ocrx_word' id='word_1_230' title='bbox 1915 1386 1919 1451; x_wconf 48' lang='grc' dir='ltr'>ἱ</span> 
     </span>
     <span class='ocr_line' id='line_1_61' title="bbox 1167 1443 1880 1489; baseline 0 -3"><span class='ocrx_word' id='word_1_231' title='bbox 1167 1444 1465 1487; x_wconf 79' lang='lat' dir='ltr'>eliciendum</span> <span class='ocrx_word' id='word_1_232' title='bbox 1511 1444 1681 1489; x_wconf 69' lang='lat' dir='ltr'>ae‘tum</span> <span class='ocrx_word' id='word_1_233' title='bbox 1733 1443 1880 1488; x_wconf 82' lang='lat' dir='ltr'>contri·</span> 
     </span>
     <span class='ocr_line' id='line_1_62' title="bbox 1168 1503 1877 1559; baseline -0.001 -14"><span class='ocrx_word' id='word_1_234' title='bbox 1168 1504 1338 1553; x_wconf 76' lang='lat' dir='ltr'>tionis:</span> <span class='ocrx_word' id='word_1_235' title='bbox 1359 1504 1423 1546; x_wconf 90' lang='lat' dir='ltr'>de</span> <span class='ocrx_word' id='word_1_236' title='bbox 1437 1503 1590 1559; x_wconf 84' lang='lat' dir='ltr'>hujus</span> <span class='ocrx_word' id='word_1_237' title='bbox 1608 1503 1877 1547; x_wconf 67' lang='lat' dir='ltr'>Benedictio-</span> 
     </span>
     <span class='ocr_line' id='line_1_63' title="bbox 1170 1561 1876 1610; baseline -0.003 -6"><span class='ocrx_word' id='word_1_238' title='bbox 1170 1563 1244 1605; x_wconf 91' lang='lat' dir='ltr'>nis</span> <span class='ocrx_word' id='word_1_239' title='bbox 1285 1561 1510 1606; x_wconf 83' lang='lat' dir='ltr'>efficacia</span> <span class='ocrx_word' id='word_1_240' title='bbox 1546 1578 1607 1606; x_wconf 82' lang='lat' dir='ltr'>ac</span> <span class='ocrx_word' id='word_1_241' title='bbox 1647 1565 1819 1610; x_wconf 83' lang='lat' dir='ltr'>virtute,</span> <span class='ocrx_word' id='word_1_242' title='bbox 1849 1562 1876 1603; x_wconf 78' lang='lat' dir='ltr'>si</span> 
     </span>
     <span class='ocr_line' id='line_1_64' title="bbox 1170 1619 1878 1677; baseline -0.004 -12"><span class='ocrx_word' id='word_1_243' title='bbox 1170 1630 1367 1677; x_wconf 85' lang='lat' dir='ltr'>tenipus</span> <span class='ocrx_word' id='word_1_244' title='bbox 1404 1622 1546 1672; x_wconf 83' lang='lat' dir='ltr'>serat,</span> <span class='ocrx_word' id='word_1_245' title='bbox 1589 1624 1790 1667; x_wconf 80' lang='lat' dir='ltr'>breviter</span> <span class='ocrx_word' id='word_1_246' title='bbox 1814 1619 1878 1664; x_wconf 88' lang='lat' dir='ltr'>ad·</span> 
     </span>
     <span class='ocr_line' id='line_1_65' title="bbox 1172 1683 1954 1737; baseline 0 -14"><span class='ocrx_word' id='word_1_247' title='bbox 1172 1688 1391 1733; x_wconf 80' lang='lat' dir='ltr'>moneat:</span> <span class='ocrx_word' id='word_1_248' title='bbox 1407 1688 1519 1726; x_wconf 89' lang='lat' dir='ltr'>tum</span> <span class='ocrx_word' id='word_1_249' title='bbox 1537 1683 1875 1737; x_wconf 79' lang='lat' dir='ltr'>instruat.atqt1e</span> <span class='ocrx_word' id='word_1_250' title='bbox 1950 1685 1954 1698; x_wconf 84' lang='lat'><strong>·</strong></span> 
     </span>
     <span class='ocr_line' id='line_1_66' title="bbox 1172 1741 1872 1792; baseline -0.003 -8"><span class='ocrx_word' id='word_1_251' title='bbox 1172 1741 1409 1792; x_wconf 84' lang='lat' dir='ltr'>hortetur,</span> <span class='ocrx_word' id='word_1_252' title='bbox 1440 1750 1497 1786; x_wconf 89' lang='lat' dir='ltr'>ut</span> <span class='ocrx_word' id='word_1_253' title='bbox 1541 1743 1702 1787; x_wconf 85' lang='lat' dir='ltr'>morbi</span> <span class='ocrx_word' id='word_1_254' title='bbox 1736 1743 1872 1786; x_wconf 88' lang='lat' dir='ltr'>incom-</span> 
     </span>
     <span class='ocr_line' id='line_1_67' title="bbox 1173 1801 1864 1846; baseline 0 -3"><span class='ocrx_word' id='word_1_255' title='bbox 1173 1801 1324 1844; x_wconf 87' lang='lat' dir='ltr'>moda</span> <span class='ocrx_word' id='word_1_256' title='bbox 1360 1814 1422 1844; x_wconf 86' lang='lat' dir='ltr'>ac</span> <span class='ocrx_word' id='word_1_257' title='bbox 1463 1801 1671 1846; x_wconf 84' lang='lat' dir='ltr'>dolores</span> <span class='ocrx_word' id='word_1_258' title='bbox 1706 1803 1749 1846; x_wconf 91' lang='lat' dir='ltr'>in</span> <span class='ocrx_word' id='word_1_259' title='bbox 1776 1808 1864 1845; x_wconf 75' lang='lat' dir='ltr'>ante-</span> 
     </span>
     <span class='ocr_line' id='line_1_68' title="bbox 1171 1857 1862 1918; baseline -0.003 -14"><span class='ocrx_word' id='word_1_260' title='bbox 1171 1860 1313 1904; x_wconf 59' lang='lat' dir='ltr'>actae</span> <span class='ocrx_word' id='word_1_261' title='bbox 1343 1860 1477 1905; x_wconf 85' lang='lat' dir='ltr'>vitae</span> <span class='ocrx_word' id='word_1_262' title='bbox 1507 1857 1862 1918; x_wconf 48' lang='lat' dir='ltr'>expiationem&amp;</span> 
     </span>
     <span class='ocr_line' id='line_1_69' title="bbox 1172 1920 1858 1978; baseline -0.001 -16"><span class='ocrx_word' id='word_1_263' title='bbox 1172 1920 1342 1963; x_wconf 89' lang='lat' dir='ltr'>benter</span> <span class='ocrx_word' id='word_1_264' title='bbox 1351 1920 1586 1975; x_wconf 83' lang='lat' dir='ltr'>perferat,</span> <span class='ocrx_word' id='word_1_265' title='bbox 1601 1923 1858 1978; x_wconf 65' lang='lat' dir='ltr'>Deoquesoee</span> 
     </span>
     <span class='ocr_line' id='line_1_70' title="bbox 1173 1978 1864 2034; baseline 0.006 -12"><span class='ocrx_word' id='word_1_266' title='bbox 1173 1988 1403 2034; x_wconf 80' lang='lat' dir='ltr'>paratum</span> <span class='ocrx_word' id='word_1_267' title='bbox 1449 1980 1635 2026; x_wconf 78' lang='lat' dir='ltr'>offerat</span> <span class='ocrx_word' id='word_1_268' title='bbox 1680 1984 1740 2025; x_wconf 81' lang='lat' dir='ltr'>ad</span> <span class='ocrx_word' id='word_1_269' title='bbox 1783 1978 1864 2021; x_wconf 70' lang='lat'>111110</span> 
     </span>
     <span class='ocr_line' id='line_1_71' title="bbox 1171 2034 1867 2098; baseline 0.001 -18"><span class='ocrx_word' id='word_1_270' title='bbox 1171 2040 1543 2094; x_wconf 84' lang='lat' dir='ltr'>acceptandum</span> <span class='ocrx_word' id='word_1_271' title='bbox 1588 2039 1814 2098; x_wconf 84' lang='lat' dir='ltr'>quidquid</span> <span class='ocrx_word' id='word_1_272' title='bbox 1841 2034 1867 2077; x_wconf 72' lang='lat' dir='ltr'>ei</span> 
     </span>
     <span class='ocr_line' id='line_1_72' title="bbox 1175 2097 1867 2155; baseline 0.006 -16"><span class='ocrx_word' id='word_1_273' title='bbox 1175 2097 1426 2153; x_wconf 81' lang='lat' dir='ltr'>placuerit.</span> <span class='ocrx_word' id='word_1_274' title='bbox 1456 2107 1508 2143; x_wconf 89' lang='lat' dir='ltr'>et</span> <span class='ocrx_word' id='word_1_275' title='bbox 1528 2109 1740 2145; x_wconf 88' lang='lat' dir='ltr'>mortem</span> <span class='ocrx_word' id='word_1_276' title='bbox 1762 2100 1867 2155; x_wconf 72' lang='lat' dir='ltr'>ipsam</span> 
     </span>
     <span class='ocr_line' id='line_1_73' title="bbox 1176 2153 1871 2211; baseline 0.003 -12"><span class='ocrx_word' id='word_1_277' title='bbox 1176 2157 1418 2211; x_wconf 78' lang='lat' dir='ltr'>patienter</span> <span class='ocrx_word' id='word_1_278' title='bbox 1506 2160 1784 2203; x_wconf 82' lang='lat' dir='ltr'>obeundam</span> <span class='ocrx_word' id='word_1_279' title='bbox 1840 2153 1871 2196; x_wconf 78' lang='lat' dir='ltr'>in</span> 
     </span>
     <span class='ocr_line' id='line_1_74' title="bbox 1175 2215 1905 2275; baseline 0.007 -17"><span class='ocrx_word' id='word_1_280' title='bbox 1175 2215 1566 2261; x_wconf 64' lang='lat' dir='ltr'>satisfactionem</span> <span class='ocrx_word' id='word_1_281' title='bbox 1633 2226 1905 2275; x_wconf 52' lang='lat' dir='ltr'>poenarum.s</span> 
     </span>
     <span class='ocr_line' id='line_1_75' title="bbox 1174 2274 1904 2335; baseline 0.005 -18"><span class='ocrx_word' id='word_1_282' title='bbox 1174 2287 1297 2330; x_wconf 84' lang='lat' dir='ltr'>quas</span> <span class='ocrx_word' id='word_1_283' title='bbox 1329 2278 1599 2331; x_wconf 88' lang='lat' dir='ltr'>peccando</span> <span class='ocrx_word' id='word_1_284' title='bbox 1636 2274 1866 2335; x_wconf 71' lang='lat' dir='ltr'>promeruit·</span> <span class='ocrx_word' id='word_1_285' title='bbox 1899 2279 1904 2332; x_wconf 69' lang='lat'>‚³</span> 
     </span>
     <span class='ocr_line' id='line_1_76' title="bbox 1176 2335 1902 2407; baseline 0.001 -31"><span class='ocrx_word' id='word_1_286' title='bbox 1176 2335 1302 2377; x_wconf 74' lang='lat' dir='ltr'>&#39;I‘um</span> <span class='ocrx_word' id='word_1_287' title='bbox 1328 2335 1423 2390; x_wconf 89' lang='lat' dir='ltr'>piis</span> <span class='ocrx_word' id='word_1_288' title='bbox 1443 2336 1614 2392; x_wconf 85' lang='lat' dir='ltr'>ipsum</span> <span class='ocrx_word' id='word_1_289' title='bbox 1634 2337 1782 2381; x_wconf 81' lang='lat' dir='ltr'>verbis</span> <span class='ocrx_word' id='word_1_290' title='bbox 1794 2344 1869 2377; x_wconf 82' lang='lat' dir='ltr'>con·</span> <span class='ocrx_word' id='word_1_291' title='bbox 1897 2358 1902 2407; x_wconf 39' lang='grc' dir='ltr'><em>ἒ</em></span> 
     </span>
     <span class='ocr_line' id='line_1_77' title="bbox 1175 2394 1899 2451; baseline 0 -15"><span class='ocrx_word' id='word_1_292' title='bbox 1175 2394 1371 2444; x_wconf 72' lang='lat' dir='ltr'>soletur,</span> <span class='ocrx_word' id='word_1_293' title='bbox 1418 2395 1469 2436; x_wconf 92' lang='lat' dir='ltr'>in</span> <span class='ocrx_word' id='word_1_294' title='bbox 1518 2409 1668 2451; x_wconf 84' lang='lat' dir='ltr'>spem</span> <span class='ocrx_word' id='word_1_295' title='bbox 1714 2396 1862 2450; x_wconf 67' lang='lat' dir='ltr'>erigas</span> <span class='ocrx_word' id='word_1_296' title='bbox 1895 2418 1899 2446; x_wconf 59' lang='lat'><em>9</em></span> 
     </span>
     <span class='ocr_line' id='line_1_78' title="bbox 1177 2447 1896 2515; baseline 0.001 -20"><span class='ocrx_word' id='word_1_297' title='bbox 1177 2453 1290 2502; x_wconf 85' lang='lat' dir='ltr'>sore,</span> <span class='ocrx_word' id='word_1_298' title='bbox 1320 2460 1374 2496; x_wconf 91' lang='lat' dir='ltr'>ut</span> <span class='ocrx_word' id='word_1_299' title='bbox 1408 2466 1469 2496; x_wconf 87' lang='lat' dir='ltr'>ex</span> <span class='ocrx_word' id='word_1_300' title='bbox 1508 2455 1712 2499; x_wconf 87' lang='lat' dir='ltr'>divinae</span> <span class='ocrx_word' id='word_1_301' title='bbox 1734 2447 1863 2498; x_wconf 69' lang='lat' dir='ltr'>mum&#39;fi·</span> <span class='ocrx_word' id='word_1_302' title='bbox 1891 2449 1896 2515; x_wconf 48' lang='grc' dir='ltr'><em>ζ</em></span> 
     </span>
     <span class='ocr_line' id='line_1_79' title="bbox 1176 2511 1898 2570; baseline 0.006 -16"><span class='ocrx_word' id='word_1_303' title='bbox 1176 2511 1861 2570; x_wconf 76' lang='lat' dir='ltr'>centiaelargitateeampoem·</span> <span class='ocrx_word' id='word_1_304' title='bbox 1892 2520 1898 2565; x_wconf 68' lang='lat'>¹,</span> 
     </span>
     <span class='ocr_line' id='line_1_80' title="bbox 1176 2571 1899 2621; baseline -0.003 -8"><span class='ocrx_word' id='word_1_305' title='bbox 1176 2583 1282 2613; x_wconf 86' lang='lat' dir='ltr'>rum</span> <span class='ocrx_word' id='word_1_306' title='bbox 1308 2571 1669 2621; x_wconf 82' lang='lat' dir='ltr'>remissionem,</span> <span class='ocrx_word' id='word_1_307' title='bbox 1695 2582 1740 2616; x_wconf 85' lang='lat' dir='ltr'>et</span> <span class='ocrx_word' id='word_1_308' title='bbox 1768 2571 1864 2613; x_wconf 65' lang='lat' dir='ltr'>num</span> <span class='ocrx_word' id='word_1_309' title='bbox 1896 2591 1899 2611; x_wconf 51' lang='lat' dir='ltr'>a</span> 
     </span>
     <span class='ocr_line' id='line_1_81' title="bbox 1177 2626 1900 2675; baseline 0 -4"><span class='ocrx_word' id='word_1_310' title='bbox 1177 2628 1235 2672; x_wconf 79' lang='lat' dir='ltr'>sit</span> <span class='ocrx_word' id='word_1_311' title='bbox 1260 2638 1617 2674; x_wconf 85' lang='lat' dir='ltr'>consecuturus</span> <span class='ocrx_word' id='word_1_312' title='bbox 1646 2637 1863 2675; x_wconf 76' lang='lat' dir='ltr'>aeternm-</span> <span class='ocrx_word' id='word_1_313' title='bbox 1898 2626 1900 2643; x_wconf 75' lang='grc'><strong>“</strong></span> 
     </span>
     <span class='ocr_line' id='line_1_82' title="bbox 1330 2689 1770 2736; baseline 0.002 -3"><span class='ocrx_word' id='word_1_314' title='bbox 1330 2689 1576 2735; x_wconf 88' lang='lat' dir='ltr'>Sacerdos</span> <span class='ocrx_word' id='word_1_315' title='bbox 1599 2690 1732 2736; x_wconf 80' lang='lat' dir='ltr'>dicat</span> <span class='ocrx_word' id='word_1_316' title='bbox 1760 2703 1770 2734; x_wconf 88' lang='lat'>:</span> 
     </span>
    </p>
   </div>
   <div class='ocr_carea' id='block_1_13' title="bbox 1238 2745 1712 2816">
    <p class='ocr_par' dir='ltr' id='par_1_17' title="bbox 1238 2745 1712 2816">
     <span class='ocr_line' id='line_1_83' title="bbox 1238 2745 1712 2816; baseline 0.008 -13"><span class='ocrx_word' id='word_1_317' title='bbox 1238 2745 1303 2803; x_wconf 62' lang='lat' dir='ltr'>V·</span> <span class='ocrx_word' id='word_1_318' title='bbox 1322 2757 1645 2816; x_wconf 64' lang='lat' dir='ltr'>Adjmcsfium</span> <span class='ocrx_word' id='word_1_319' title='bbox 1681 2773 1712 2806; x_wconf 80' lang='lat' dir='ltr'>n</span> 
     </span>
    </p>
   </div>
   <div class='ocr_carea' id='block_1_14' title="bbox 1919 1018 1926 1162">
    <p class='ocr_par' dir='ltr' id='par_1_18' title="bbox 1919 1018 1926 1162">
     <span class='ocr_line' id='line_1_84' title="bbox 1919 1018 1926 1162; baseline 0 2230"><span class='ocrx_word' id='word_1_320' title='bbox 1919 1018 1926 1162; x_wconf 95' lang='lat' dir='ltr'> </span> 
     </span>
    </p>
   </div>
   <div class='ocr_carea' id='block_1_15' title="bbox 1925 164 2007 2380">
    <p class='ocr_par' dir='ltr' id='par_1_19' title="bbox 1925 164 2007 2380">
     <span class='ocr_line' id='line_1_85' title="bbox 1925 164 2007 2380; baseline 0 0"><span class='ocrx_word' id='word_1_321' title='bbox 1925 164 2007 2380; x_wconf 95' lang='lat' dir='ltr'> </span> 
     </span>
    </p>
   </div>
   <div class='ocr_carea' id='block_1_16' title="bbox 1168 2814 1868 2866">
    <p class='ocr_par' dir='ltr' id='par_1_20' title="bbox 1168 2814 1868 2866">
     <span class='ocr_line' id='line_1_86' title="bbox 1168 2814 1868 2866; baseline 0.013 -7"><span class='ocrx_word' id='word_1_322' title='bbox 1168 2814 1217 2859; x_wconf 89' lang='lat' dir='ltr'>in</span> <span class='ocrx_word' id='word_1_323' title='bbox 1269 2816 1471 2863; x_wconf 77' lang='lat' dir='ltr'>nomine</span> <span class='ocrx_word' id='word_1_324' title='bbox 1525 2819 1742 2866; x_wconf 79' lang='lat' dir='ltr'>Domini.</span> <span class='ocrx_word' id='word_1_325' title='bbox 1859 2836 1868 2846; x_wconf 92' lang='lat'>·</span> 
     </span>
    </p>
   </div>
   <div class='ocr_carea' id='block_1_17' title="bbox 401 2866 1863 2932">
    <p class='ocr_par' dir='ltr' id='par_1_21' title="bbox 401 2866 1863 2932">
     <span class='ocr_line' id='line_1_87' title="bbox 401 2866 1863 2932; baseline 0.008 -25"><span class='ocrx_word' id='word_1_326' title='bbox 401 2875 487 2915; x_wconf 88' lang='lat' dir='ltr'>tur.</span> <span class='ocrx_word' id='word_1_327' title='bbox 504 2876 577 2912; x_wconf 86' lang='lat' dir='ltr'>est</span> <span class='ocrx_word' id='word_1_328' title='bbox 592 2868 791 2912; x_wconf 88' lang='lat' dir='ltr'>omnino</span> <span class='ocrx_word' id='word_1_329' title='bbox 804 2866 1106 2926; x_wconf 64' lang='lat' dir='ltr'>deneganda.</span> <span class='ocrx_word' id='word_1_330' title='bbox 1165 2874 1265 2932; x_wconf 77' lang='lat' dir='ltr'>Qui</span> <span class='ocrx_word' id='word_1_331' title='bbox 1287 2875 1398 2924; x_wconf 70' lang='lat' dir='ltr'>fecit</span> <span class='ocrx_word' id='word_1_332' title='bbox 1420 2879 1614 2924; x_wconf 76' lang='lat' dir='ltr'>coelum</span> <span class='ocrx_word' id='word_1_333' title='bbox 1632 2888 1682 2926; x_wconf 62' lang='lat' dir='ltr'>et</span> <span class='ocrx_word' id='word_1_334' title='bbox 1700 2888 1863 2928; x_wconf 69' lang='lat' dir='ltr'>tem</span> 
     </span>
    </p>
   </div>
   <div class='ocr_carea' id='block_1_18' title="bbox 989 2931 1918 2996">
    <p class='ocr_par' dir='ltr' id='par_1_22' title="bbox 989 2931 1918 2996">
     <span class='ocr_line' id='line_1_88' title="bbox 989 2931 1918 2996; baseline -0.001 -5"><span class='ocrx_word' id='word_1_335' title='bbox 989 2931 1918 2996; x_wconf 66' lang='lat' dir='ltr'><em>-————-.-.-J</em></span> 
     </span>
    </p>
   </div>
  </div>
 </body>
</html>
