2050 3392
470 238 551 285 Die
578 238 645 293 iii.
692 238 991 292 Novembris.
1013 241 1065 293 S.
1092 243 1352 291 Malachiae.
1652 236 1680 287 ‘i

156 350 297 384 mam
324 332 535 384 secundo
582 332 898 396 profecturus,

153 404 224 451 ad
262 404 628 451 claramvallem
655 404 856 451 accessit
884 421 895 449 :

158 470 253 517 ubi
279 469 403 517 febri
426 469 901 532 correptus,1'1ngitur

158 538 274 584 oleo
300 549 455 596 sacro,
478 544 524 585 et
543 547 737 596 sumpto
760 535 902 583 viati-

160 616 220 650 co
250 600 455 650 fratrum
479 616 529 650 se
564 603 861 651 orationibus
885 639 898 660 ‚

161 675 216 716 et
238 668 415 716 fratres
438 668 899 729 commendansbeo,

163 736 350 783 viventi
370 735 542 783 similis
561 736 762 783 moritur
778 748 901 782 anno

161 801 328 849 aetatis
349 800 744 863 quinquagesimo
763 814 900 863 quar-

166 876 235 915 to.
279 868 522 927 Sepelitur
592 870 640 916 in
698 867 902 916 oratorio

166 935 327 982 beatae
360 934 539 997 Mariae,
566 947 689 982 anno
724 934 898 983 Christi

168 999 433 1047 millesimo
474 1001 731 1064 centesimo
776 1013 898 1063 qua-

165 1067 445 1128 dragesimo
496 1069 680 1127 octavo,
731 1071 900 1128 quarto

169 1135 336 1181 Nonas
362 1133 655 1181 Novembris.

160 1201 220 1265 [ἡ.
266 1200 362 1248 Iste
388 1204 461 1247 est
495 1200 594 1262 qui.

272 1270 321 1315 in
364 1269 500 1316 tertio
538 1270 793 1316 Nocturno.

218 1332 383 1382 Lectio
429 1333 584 1381 sancti
612 1333 851 1395 Evangelii

238 1397 498 1446 secundum
536 1399 829 1448 Matthaeum.

261 1469 417 1514 Lectio
451 1472 536 1528 vij.
573 1466 698 1526 Cap.
723 1467 805 1514 25.

247 1541 276 1578 n
291 1529 372 1577 illo
393 1532 902 1592 tomporeznixitJesus

250 1597 504 1657 discipulis
515 1599 617 1645 suis
631 1600 899 1659 parabolam

176 1666 302 1713 hunc
327 1681 341 1711 ι
366 1663 516 1713 Homo
568 1667 764 1727 peregre
788 1680 901 1728 pro·

176 1732 396 1779 ficiscens
413 1733 593 1779 vocavit
610 1746 770 1781 servos
787 1748 900 1782 suos

177 1804 225 1846 et
279 1796 476 1846 tradidit
498 1798 596 1845 illis
633 1799 757 1846 bona
793 1814 899 1850 sua.

184 1865 242 1912 Et
270 1863 475 1923 reliqua.

262 1929 465 1977 ilomilia
485 1930 534 1978 S.
566 1930 836 1993 Hieronymi

397 1996 681 2058 Presbyteri.

179 2064 278 2111 Lib.
306 2063 355 2111 4.
384 2066 430 2109 in
468 2064 632 2111 Manli.
671 2079 776 2123 cap.
818 2064 898 2112 25.

187 2139 348 2242 Hono
392 2129 481 2176 iste
536 2129 901 2190 paterfamilias,

266 2194 391 2242 haud
410 2194 610 2242 dubium
633 2196 749 2256 quin
770 2197 903 2244 Chri-

182 2267 284 2308 stus
303 2260 386 2319 sit‚
405 2260 487 2321 qui
508 2260 568 2308 ad
589 2262 775 2309 Patrem
798 2269 905 2322 post

177 2329 564 2375 resurrectionem
582 2328 729 2375 victor
748 2331 910 2376 ascen-

182 2394 296 2441 dens
326 2428 341 2451 ‚
398 2394 576 2441 vocatis
631 2393 871 2455 Apostolis
896 2433 907 2452 ‚

189 2461 447 2507 doctrinam
469 2460 784 2520 evangelicam
810 2462 909 2509 tra·

185 2526 304 2573 didit
330 2545 342 2574 :
378 2538 472 2573 non
504 2539 588 2586 pro
627 2527 844 2588 largitate
865 2532 913 2575 et

189 2592 414 2653 parcitate
475 2592 609 2640 alteri
675 2595 786 2653 plus
816 2630 829 2652 ‚
867 2601 914 2642 et

183 2658 313 2706 alteri
420 2658 580 2705 minus
647 2659 862 2708 tribuens
896 2697 911 2722 ,

182 2724 264 2772 sed
298 2736 382 2785 pro
435 2724 765 2784 accipientium
828 2729 896 2773 vi·

184 2791 316 2838 ribus
354 2808 367 2838 =
422 2790 657 2851 quomodo
688 2800 734 2839 et
768 2794 899 2851 Apo·

185 2856 335 2904 stolus
384 2868 465 2904 eos
491 2893 505 2917 ,
559 2857 638 2918 qui
691 2857 897 2905 solidum

186 2923 341 2971 cibum
364 2924 535 2983 capere
564 2936 657 2970 non
686 2927 904 2984 poterant

189 2992 305 3037 lacte
332 2991 520 3049 potasse
544 3002 595 3036 se
617 2988 751 3039 dicit.
771 2990 913 3038 Deui-

192 3070 283 3117 que
304 3055 616 3118 etilium,qui
630 3055 690 3103 de
701 3055 914 3118 quinque

196 3120 384 3170 talentis
423 3121 581 3170 decem
631 3120 802 3169 fecerat
826 3158 839 3182 ,
868 3128 914 3169 et

956 339 1037 398 qui
1061 337 1118 386 de
1158 336 1349 385 duobus
1382 338 1587 399 quatuor
1609 341 1683 387 sl·

956 405 1057 451 mili
1096 404 1278 464 recepit
1328 405 1501 466 gaudio
1534 425 1547 453 ε
1589 419 1681 454 non

954 470 1265 519 considerans
1290 471 1410 518 lucri
1436 473 1682 533 magnitu-

956 538 1138 596 dinem,
1166 537 1249 584 sed
1284 536 1434 585 studii
1457 539 1682 586 volunta-

957 608 1070 652 tem.
1099 604 1154 667 ἢ,
1186 604 1372 652 Amavit
1395 616 1523 652 eum.

1174 676 1330 722 Lectio
1361 676 1465 733 viij.

1022 749 1053 783 N
1081 736 1311 798 quinque,
1342 740 1388 785 et
1411 734 1619 797 duobus,
1643 741 1688 784 et

1037 815 1131 850 uno
1154 804 1348 860 talento,
1366 803 1441 850 vel
1469 803 1683 850 divorsas

958 869 1141 929 gratias
1178 870 1503 930 intelligemus
1531 906 1545 928 ,
1582 883 1688 932 quae

962 934 1221 995 unicuique
1246 936 1428 983 traditae
1458 942 1587 995 sunt,
1614 936 1686 984 vel

962 1001 1008 1047 in
1065 1001 1217 1060 primo
1244 1037 1258 1061 ‚
1289 1014 1455 1050 omnes
1512 1015 1686 1049 sensus

960 1068 1297 1130 examinat083
1347 1069 1394 1115 in
1454 1067 1683 1129 secundo,
1721 1094 1728 1099 ·

961 1133 1323 1194 intelligentiam
1349 1140 1395 1182 et
1431 1137 1602 1194 opera3
1639 1135 1686 1181 in

959 1199 1098 1247 tortio
1127 1239 1142 1264 ,
1169 1200 1397 1248 rationem
1428 1239 1443 1264 ,
1468 1213 1560 1261 qua
1599 1201 1686 1248 ho·

961 1266 1115 1313 mines
1142 1280 1169 1313 a
1192 1266 1359 1314 bestiis
1379 1267 1684 1327 separantur.

962 1332 1092 1380 Abiit
1118 1341 1277 1381 autem
1335 1334 1418 1394 qui
1474 1334 1687 1395 quinque

963 1399 1142 1446 talenta
1173 1401 1449 1459 acceperat:
1480 1401 1688 1460 acceptis

962 1465 1162 1513 terronis
1182 1465 1687 1525 sensibus,coelostium

963 1531 1054 1578 sibi
1080 1531 1294 1578 notitiam
1317 1531 1603 1591 duplicavit:
1634 1544 1689 1580 ex

961 1597 1194 1644 creaturis
1238 1597 1510 1658 intelligens
1545 1597 1689 1645 Crea-

967 1666 1136 1726 torem,
1162 1676 1217 1712 ex
1251 1663 1580 1726 corporalibus
1612 1664 1686 1711 in-

960 1731 1305 1791 corporalia‚ex
1329 1730 1604 1778 visibilibus
1618 1730 1688 1780 in-

968 1797 1196 1855 visibilia,
1217 1810 1271 1845 ex
1295 1797 1521 1845 brevibus
1548 1798 1686 1843 aeter-

961 1863 1297 1923 na.Similiter,
1321 1864 1403 1925 qui
1429 1864 1524 1910 duo
1558 1864 1688 1909 acce-

963 1936 1116 1990 perat,
1141 1942 1227 1990 pro
1251 1930 1437 1978 viribus
1454 1928 1687 1990 quidquid

959 1998 1007 2042 in
1033 1996 1133 2056 lege
1166 1995 1414 2056 didicerat,
1444 1997 1493 2043 in
1531 1996 1687 2043 Evan-

961 2061 1082 2122 gelio
1103 2061 1389 2121 duplicavit:
1412 2062 1511 2110 sive
1528 2061 1688 2109 scien-

965 2130 1030 2174 tia
1052 2135 1098 2176 et
1118 2131 1264 2189 opera
1286 2128 1533 2190 praesentis
1557 2127 1687 2189 vitae,

964 2194 1138 2242 futurae
1197 2194 1517 2260 ,beatitudinis
1556 2200 1691 2253 typos

968 2260 1215 2309 intellexit.

970 2329 1025 2397 sp
1058 2327 1164 2375 Sint
1192 2328 1363 2379 lumbi.

1200 2400 1353 2445 Lectio
1388 2399 1454 2447 ix.

1041 2470 1203 2508 Mum:
1251 2465 1438 2519 tempus
1462 2466 1533 2508 est
1566 2459 1689 2507 inter

1059 2526 1381 2574 ascensionem
1436 2525 1690 2574 salvatoris

972 2602 1019 2643 et
1069 2591 1328 2640 secundum
1381 2592 1483 2652 ejus
1513 2591 1691 2639 adven-

974 2660 1149 2708 tum.Si
1173 2663 1328 2706 autem
1349 2658 1560 2719 Apostoli
1582 2656 1690 2705 red-

972 2724 1119 2774 dituri
1144 2732 1258 2770 sunt
1276 2724 1573 2784 rationem,et
1602 2721 1690 2770 sub

970 2794 1097 2838 metu
1139 2788 1315 2849 judicis
1378 2787 1635 2838 surrecturi
1672 2823 1687 2846 ,

967 2854 1085 2918 quid
1112 2868 1196 2903 nos
1219 2858 1404 2917 oportet
1421 2855 1572 2903 tacere
1595 2857 1616 2902 t
1636 2854 1694 2900 Et

970 2920 1384 2984 notandum‚quod
1406 2922 1694 2980 omnia,quae

969 2989 1017 3036 in
1054 2989 1274 3050 praeseuti
1311 2986 1557 3043 habemus,
1585 2985 1695 3031 licet

972 3068 1142 3117 magna
1150 3055 1400 3104 videantur
1410 3060 1454 3102 et
1467 3051 1694 3113 plurima.

974 3129 1132 3172 tamen
1170 3121 1519 3185 comparatione
1554 3116 1692 3165 fulu-

1663 3161 1824 3252 *f
