2050 3392
131 266 245 321 Die
257 281 296 334 4
310 265 465 336 Sept.
469 305 485 333 ‚
505 265 567 318 S.
588 264 768 318 Rosae
796 263 1167 332 Viterbiensis,
1199 264 1351 335 W'rg.
1371 265 1615 321 ccxxxiii.

129 413 247 447 nam
270 399 431 444 adhuc
457 398 616 456 puella
638 397 846 444 avuncu-

129 460 230 504 lam
280 457 554 502 defunetam
595 459 659 502 ad
699 459 844 502 vitam

130 517 385 562 revocavit.
479 518 557 561 Ad
607 516 846 574 virginita-

131 584 244 626 tem,
268 590 411 633 quam
429 576 660 634 perpetuo
681 576 839 626 coluit,

132 634 844 693 soloaspee'tuintuentiumani-

132 707 239 738 mos
268 695 520 739 excitabat.
587 694 845 739 Charitatis

129 766 245 810 erga
280 754 517 810 pauperes
557 753 846 798 studiosissi-

130 826 226 862 ma,
245 825 357 855 cum
374 811 632 867 aliquando
648 812 845 857 hiberno

131 871 351 926 tempore
407 870 701 923 subn-aetum
756 871 844 915 sibi

73 934 74 943 ¹
131 941 309 985 panem
348 928 469 972 clam
506 929 596 973 illis
627 929 838 979 deferret,

73 1006 76 1037 ς
131 994 270 1044 patre
300 986 578 1044 imperante,
602 997 656 1032 ut
675 986 845 1044 prede-

73 1050 76 1083 Γ
129 1053 216 1095 ret,
246 1046 364 1103 quid
387 1046 572 1103 gremio
596 1046 845 1092 abscendi-

73 1126 74 1151 ς
130 1113 238 1149 tum
276 1105 430 1157 ferret,
457 1105 596 1161 panis
630 1105 680 1149 in
714 1118 845 1150 rosas

73 1172 74 1179 ¹
130 1164 393 1208 conversus
414 1172 498 1208 est.

204 1217 276 1275 Ry.
303 1222 500 1280 Propter
521 1221 776 1276 veritatem,
798 1231 843 1267 et

129 1280 565 1333 mansuetudinem,
614 1289 660 1326 et
707 1282 842 1339 justi·

129 1340 279 1385 tiam:
317 1335 420 1385 *Et
450 1340 652 1386 deducet
682 1349 728 1386 te
757 1341 842 1385 mi-

126 1399 342 1444 rabiliter
378 1399 571 1444 dextera
610 1408 706 1445 tua.
775 1396 839 1458 ΧΤ.

73 1460 74 1471 ’
127 1458 299 1516 Specie
351 1466 447 1511 tua,
493 1467 538 1504 et
582 1456 842 1516 pulchritu-

128 1518 242 1561 dine
271 1525 356 1562 tua
384 1518 590 1569 intende,
616 1518 842 1576 prespere

126 1577 349 1633 procede,
370 1585 417 1624 et
445 1577 739 1634 regna.—Et
760 1577 842 1621 de·
869 1601 875 1622 ι

73 1680 74 1695 ,
126 1634 289 1681 ducet.

379 1723 543 1767 Lcetio
563 1738 605 1789 y.

286 1810 333 1854 U
355 1810 409 1853 M
461 1807 715 1866 septimum
765 1824 844 1855 ex-

313 1868 486 1926 plesset
516 1882 706 1920 annum,
734 1870 844 1914 soli-

128 1926 184 1971 tu
224 1926 315 1971 inis
350 1928 583 1972 desiderio
617 1928 837 1986 flagrans,

129 1988 312 2030 domus
321 1999 433 2030 suae
439 1986 691 2043 angustam
704 1988 845 2032 cellu-

131 2046 230 2088 lam
254 2044 410 2101 elegit,
427 2046 503 2089 cui
526 2059 576 2090 se
597 2054 842 2104 tamquam

129 2103 401 2148 voluntario
432 2104 603 2149 carceri
635 2104 834 2156 inclusit.

127 2171 177 2208 et
257 2163 459 2208 orationi
535 2164 843 2221 corporisque

128 2222 434 2279 castigatieni
495 2224 713 2267 ardenter
773 2224 843 2267 in-

129 2281 378 2332 cumbenS,
413 2281 503 2325 Dei
542 2281 841 2328 clementiam

131 2339 480 2398 deprecabatur
517 2354 606 2397 pro
647 2341 843 2385 sanetae

133 2398 378 2444 Ecclesiae
486 2399 836 2456 tranquillitate,

132 2471 281 2515 quam
298 2458 335 2502 F
338 2458 519 2502 riderici
540 2458 738 2504 secundi
757 2459 843 2502 im-

129 2517 366 2575 perateris
382 2517 604 2575 impletas
620 2517 843 2562 acerrime

77 2619 78 2630 2
131 2575 400 2622 divexabat.
468 2577 540 2621 Ex
560 2576 745 2634 diutina
760 2590 843 2620 au-

131 2645 227 2681 tem
240 2635 556 2681 maceratione
564 2635 615 2679 in
623 2636 841 2679 morbum

129 2693 356 2746 lethalem
411 2693 589 2743 incidit.
645 2694 695 2737 in
746 2706 843 2750 quo

128 2753 303 2799 beatae
336 2752 545 2810 Virginis
576 2752 844 2798 visitatione

128 2811 357 2863 recreata,
431 2811 648 2857 habitum
721 2811 839 2856 tertii

129 2869 333 2922 Ordinis
391 2870 545 2916 saneti
606 2871 645 2916 F
644 2869 844 2916 rancisci
861 2917 883 2924 ‚⁴

255 3034 381 3081 Pars
401 3035 447 3081 A
455 3036 738 3081 utunmalc’s.

908 396 1105 442 induere
1124 397 1259 454 iussa
1282 406 1369 443 est.
1435 401 1620 445 Decen-

908 458 982 502 nis
1022 471 1054 501 a
1094 457 1201 502 Deo
1241 457 1482 514 inspirata,
1527 461 1620 517 piis

908 516 1322 561 adhortationibus
1356 518 1619 575 validisque

908 575 1199 632 argumentis
1240 577 1416 620 multos
1456 576 1620 622 haere-

908 635 1031 679 ticos
1059 635 1123 678 ad
1150 634 1292 678 fidem
1321 642 1368 679 et
1397 635 1620 681 obedien-

910 695 1028 738 tiam
1054 694 1259 738 Romam
1284 694 1524 739 Pontificis
1549 708 1637 754 re-‚

909 751 1060 797 duxit.
1125 753 1235 807 Qua
1255 754 1316 798 de
1337 766 1483 798 causa
1507 767 1618 798 cum

910 819 1013 856 tota
1034 825 1093 855 co
1128 811 1321 857 natiene
1346 826 1432 857 sua
1452 813 1500 856 in
1522 812 1619 856 exi-

908 871 1024 914 lium
1045 871 1086 927 ej
1199 871 1289 921 ‚ad
1308 871 1462 915 vicina
1481 871 1620 929 eppi-

909 929 973 974 da
986 930 1132 980 venit,
1150 929 1232 973 ubi
1249 929 1472 974 Friderici
1492 943 1619 974 mor·

908 995 1017 1039 tem,
1065 996 1112 1032 et
1160 986 1399 1032 Ecclesiae
1446 1002 1616 1046 pacem

908 1045 1190 1104 prophetico
1231 1045 1400 1102 spiritu
1433 1048 1619 1105 praedi·

908 1106 988 1150 xit.
1058 1105 1309 1149 Mulierem
1353 1119 1546 1150 mecam
1586 1120 1619 1151 a

906 1163 1154 1209 nativitate
1173 1163 1465 1217 illuminetvit,
1487 1172 1534 1210 et
1553 1166 1618 1210 ad

906 1223 1018 1268 fidei
1033 1223 1277 1268 veritatem
1290 1224 1610 1275 astruendam,

906 1283 1187 1328 succensum
1200 1296 1371 1340 rogum
1385 1283 1611 1341 ingressa.

904 1355 962 1386 ac
982 1343 1133 1386 tribus
1155 1342 1285 1387 horis
1306 1343 1352 1386 in
1374 1356 1434 1387 eo
1455 1343 1619 1387 illaesa

904 1401 1202 1458 permanens,
1230 1400 1481 1459 cujusdam
1506 1402 1618 1446 hae-

902 1459 1078 1504 reticae
1087 1460 1297 1505 mulieris
1304 1461 1617 1517 pervicAciam

903 1519 1029 1570 vicit,
1055 1518 1260 1576 eamque
1283 1532 1394 1563 cum
1422 1518 1528 1563 aliis
1553 1520 1618 1563 ad

904 1577 1050 1622 fidem
1072 1576 1317 1622 convertit.

969 1634 1044 1695 ΚΖ.
1066 1635 1284 1681 Dilexisti
1301 1634 1549 1692 Justitiam,
1571 1644 1619 1681 et

902 1694 1049 1741 odisti
1084 1693 1412 1751 iniquitatem:
1506 1695 1621 1739 Pro·

904 1754 1068 1811 pterea
1087 1754 1221 1798 unxit
1243 1761 1290 1798 te
1321 1754 1466 1806 DeuS,
1487 1755 1620 1799 Deus

906 1822 1017 1858 tuus
1035 1811 1144 1857 oleo
1161 1813 1383 1857 laetitiae.
1422 1810 1482 1869 V.
1506 1814 1619 1858 Pro·

905 1880 1010 1930 pter
1040 1871 1302 1923 veritatem,
1329 1879 1375 1916 et
1402 1885 1619 1917 mansue-

906 1930 1138 1982 tudinem,
1195 1939 1243 1977 et
1289 1931 1538 1990 justitiam.
1558 1954 1619 1965 --

911 1989 1182 2048 Propterea.

1141 2077 1307 2126 Leetio
1331 2081 1386 2124 vi.

1032 2164 1280 2210 ANDEM
1351 2164 1616 2210 Viterbium

1062 2238 1255 2269 summa
1296 2224 1471 2268 civium
1511 2237 1616 2280 gra-

905 2281 1134 2328 tulatiene
1149 2282 1345 2332 reversa,
1360 2284 1408 2326 in
1424 2282 1619 2326 consor-

904 2341 1024 2384 tium
1054 2341 1489 2386 sanetimonialium
1510 2353 1618 2383 san-

905 2398 1203 2444 etaeMariae
1217 2399 1420 2443 deRosis
1428 2398 1617 2442 admitti

906 2458 1054 2515 petiit.
1096 2459 1182 2502 sed
1222 2458 1311 2502 illis
1350 2456 1618 2512 ingressum

905 2518 970 2561 ob
1002 2516 1189 2573 puellae
1229 2516 1441 2573 inopiam
1477 2517 1618 2560 dene·

904 2575 1144 2632 gentibus,
1184 2588 1236 2618 se
1283 2574 1521 2619 mortuam
1567 2575 1618 2619 in

906 2648 965 2678 eo
999 2631 1235 2678 coenobio
1266 2632 1619 2677 commoratura

906 2692 1158 2750 praedixit.
1223 2692 1342 2736 Mox
1369 2693 1434 2736 ad
1464 2691 1621 2748 pristis

905 2765 1021 2796 num
1051 2752 1227 2796 domus
1248 2764 1362 2795 suae
1382 2750 1618 2796 carcerem

905 2810 1129 2868 regressa,
1152 2823 1261 2854 cum
1283 2810 1332 2854 in
1353 2823 1411 2854 ea
1431 2810 1619 2855 duobus

905 2870 1044 2915 annis
1072 2869 1423 2936 permansisset,
1450 2871 1620 2916 morbo
