<?xml version="1.0" encoding="UTF-8"?>
<!DOCTYPE html PUBLIC "-//W3C//DTD XHTML 1.0 Transitional//EN"
    "http://www.w3.org/TR/xhtml1/DTD/xhtml1-transitional.dtd">
<html xmlns="http://www.w3.org/1999/xhtml" xml:lang="en" lang="en">
 <head>
  <title>
</title>
<meta http-equiv="Content-Type" content="text/html;charset=utf-8" />
  <meta name='ocr-system' content='tesseract 3.04.00' />
  <meta name='ocr-capabilities' content='ocr_page ocr_carea ocr_par ocr_line ocrx_word'/>
</head>
<body>
  <div class='ocr_page' id='page_1' title='image "./breviariumroman03churgoog/breviariumroman03churgoog_1282.png"; bbox 0 0 2050 3392; ppageno 0'>
   <div class='ocr_carea' id='block_1_1' title="bbox 325 259 1626 360">
    <p class='ocr_par' dir='ltr' id='par_1_1' title="bbox 325 259 1626 360">
     <span class='ocr_line' id='line_1_1' title="bbox 325 259 1626 360; baseline -0.001 -17"><span class='ocrx_word' id='word_1_1' title='bbox 325 292 483 360; x_wconf 66' lang='lat' dir='ltr'><strong>Diej</strong></span> <span class='ocrx_word' id='word_1_2' title='bbox 498 291 668 356; x_wconf 69' lang='lat' dir='ltr'><em>Nov„</em></span> <span class='ocrx_word' id='word_1_3' title='bbox 686 292 748 342; x_wconf 89' lang='lat' dir='ltr'><strong>S.</strong></span> <span class='ocrx_word' id='word_1_4' title='bbox 768 259 1036 355; x_wconf 68' lang='lat' dir='ltr'><strong>Haecbertt&#39;,</strong></span> <span class='ocrx_word' id='word_1_5' title='bbox 1055 291 1211 359; x_wconf 70' lang='lat' dir='ltr'><strong>Confi</strong></span> <span class='ocrx_word' id='word_1_6' title='bbox 1229 291 1442 359; x_wconf 81' lang='lat' dir='ltr'><strong>Pontis.</strong></span> <span class='ocrx_word' id='word_1_7' title='bbox 1529 305 1546 342; x_wconf 78' lang='grc' dir='ltr'><em>ι</em></span> <span class='ocrx_word' id='word_1_8' title='bbox 1564 305 1626 357; x_wconf 84' lang='lat'><strong>19</strong></span> 
     </span>
    </p>
   </div>
   <div class='ocr_carea' id='block_1_2' title="bbox 1626 229 1695 365">
    <p class='ocr_par' dir='ltr' id='par_1_2' title="bbox 1626 229 1695 365">
     <span class='ocr_line' id='line_1_2' title="bbox 1626 229 1695 365; baseline 0 3027"><span class='ocrx_word' id='word_1_9' title='bbox 1626 229 1695 365; x_wconf 95' lang='lat' dir='ltr'><strong> </strong></span> 
     </span>
    </p>
   </div>
   <div class='ocr_carea' id='block_1_3' title="bbox 140 403 1626 482">
    <p class='ocr_par' dir='ltr' id='par_1_3' title="bbox 140 403 1626 482">
     <span class='ocr_line' id='line_1_3' title="bbox 140 403 1626 482; baseline -0.001 -13"><span class='ocrx_word' id='word_1_10' title='bbox 140 425 379 482; x_wconf 82' lang='lat' dir='ltr'><strong>quinque,</strong></span> <span class='ocrx_word' id='word_1_11' title='bbox 397 436 496 467; x_wconf 89' lang='lat' dir='ltr'><strong>non</strong></span> <span class='ocrx_word' id='word_1_12' title='bbox 532 423 733 467; x_wconf 73' lang='lat' dir='ltr'><strong>tetidem</strong></span> <span class='ocrx_word' id='word_1_13' title='bbox 763 422 849 468; x_wconf 82' lang='lat' dir='ltr'><strong>ob-</strong></span> <span class='ocrx_word' id='word_1_14' title='bbox 915 403 1184 467; x_wconf 74' lang='lat' dir='ltr'><strong>stodiamus</strong></span> <span class='ocrx_word' id='word_1_15' title='bbox 1196 430 1243 466; x_wconf 90' lang='lat' dir='ltr'><strong>et</strong></span> <span class='ocrx_word' id='word_1_16' title='bbox 1252 423 1563 479; x_wconf 85' lang='lat' dir='ltr'><strong>negotiemur.</strong></span> <span class='ocrx_word' id='word_1_17' title='bbox 1578 432 1626 467; x_wconf 85' lang='lat' dir='ltr'><strong>et</strong></span> 
     </span>
    </p>
   </div>
   <div class='ocr_carea' id='block_1_4' title="bbox 138 482 852 1955">
    <p class='ocr_par' dir='ltr' id='par_1_4' title="bbox 138 482 852 1955">
     <span class='ocr_line' id='line_1_4' title="bbox 142 482 849 539; baseline -0.003 -11"><span class='ocrx_word' id='word_1_18' title='bbox 142 483 271 535; x_wconf 88' lang='lat' dir='ltr'><strong>tulit,</strong></span> <span class='ocrx_word' id='word_1_19' title='bbox 296 484 379 528; x_wconf 92' lang='lat' dir='ltr'><strong>sed</strong></span> <span class='ocrx_word' id='word_1_20' title='bbox 421 482 678 539; x_wconf 72' lang='lat' dir='ltr'><strong>duplicata.</strong></span> <span class='ocrx_word' id='word_1_21' title='bbox 717 482 849 526; x_wconf 90' lang='lat' dir='ltr'><strong>Nam</strong></span> 
     </span>
     <span class='ocr_line' id='line_1_5' title="bbox 143 541 850 598; baseline -0.004 -11"><span class='ocrx_word' id='word_1_22' title='bbox 143 543 225 587; x_wconf 84' lang='lat' dir='ltr'><strong>ina</strong></span> <span class='ocrx_word' id='word_1_23' title='bbox 283 543 477 598; x_wconf 89' lang='lat' dir='ltr'><strong>quidem</strong></span> <span class='ocrx_word' id='word_1_24' title='bbox 541 541 850 598; x_wconf 68' lang='lat' dir='ltr'><strong>benignitatis</strong></span> 
     </span>
     <span class='ocr_line' id='line_1_6' title="bbox 141 600 851 656; baseline -0.003 -9"><span class='ocrx_word' id='word_1_25' title='bbox 141 609 276 647; x_wconf 88' lang='lat' dir='ltr'><strong>erant</strong></span> <span class='ocrx_word' id='word_1_26' title='bbox 291 600 486 646; x_wconf 77' lang='lat' dir='ltr'><strong>Domini</strong></span> <span class='ocrx_word' id='word_1_27' title='bbox 507 601 618 645; x_wconf 89' lang='lat' dir='ltr'><strong>:sed</strong></span> <span class='ocrx_word' id='word_1_28' title='bbox 640 600 851 656; x_wconf 79' lang='lat' dir='ltr'><strong>oportuit</strong></span> 
     </span>
     <span class='ocr_line' id='line_1_7' title="bbox 138 658 850 707; baseline -0.007 0"><span class='ocrx_word' id='word_1_29' title='bbox 138 660 284 707; x_wconf 89' lang='lat' dir='ltr'><strong>etiam</strong></span> <span class='ocrx_word' id='word_1_30' title='bbox 293 673 478 705; x_wconf 88' lang='lat' dir='ltr'><strong>servum</strong></span> <span class='ocrx_word' id='word_1_31' title='bbox 486 672 622 704; x_wconf 83' lang='lat' dir='ltr'><strong>suam</strong></span> <span class='ocrx_word' id='word_1_32' title='bbox 631 658 850 703; x_wconf 87' lang='lat' dir='ltr'><strong>exhibere</strong></span> 
     </span>
     <span class='ocr_line' id='line_1_8' title="bbox 141 718 843 777; baseline -0.004 -12"><span class='ocrx_word' id='word_1_33' title='bbox 141 719 451 777; x_wconf 85' lang='lat' dir='ltr'><strong>diligentiam.</strong></span> <span class='ocrx_word' id='word_1_34' title='bbox 478 718 702 762; x_wconf 75' lang='lat' dir='ltr'>Similiter</span> <span class='ocrx_word' id='word_1_35' title='bbox 722 725 770 762; x_wconf 89' lang='lat' dir='ltr'><strong>et</strong></span> <span class='ocrx_word' id='word_1_36' title='bbox 792 718 843 769; x_wconf 83' lang='lat' dir='ltr'><strong>is,</strong></span> 
     </span>
     <span class='ocr_line' id='line_1_9' title="bbox 143 775 851 824; baseline -0.006 0"><span class='ocrx_word' id='word_1_37' title='bbox 143 779 224 824; x_wconf 87' lang='lat' dir='ltr'><strong>cui</strong></span> <span class='ocrx_word' id='word_1_38' title='bbox 243 780 341 823; x_wconf 87' lang='lat' dir='ltr'><strong>duo</strong></span> <span class='ocrx_word' id='word_1_39' title='bbox 355 777 532 822; x_wconf 85' lang='lat' dir='ltr'><strong>talenta</strong></span> <span class='ocrx_word' id='word_1_40' title='bbox 552 777 733 822; x_wconf 85' lang='lat' dir='ltr'><strong>credita</strong></span> <span class='ocrx_word' id='word_1_41' title='bbox 753 775 851 821; x_wconf 77' lang='lat' dir='ltr'><strong>stie-</strong></span> 
     </span>
     <span class='ocr_line' id='line_1_10' title="bbox 142 835 840 888; baseline -0.006 -5"><span class='ocrx_word' id='word_1_42' title='bbox 142 846 271 888; x_wconf 86' lang='lat' dir='ltr'><strong>rant‚</strong></span> <span class='ocrx_word' id='word_1_43' title='bbox 297 837 391 882; x_wconf 72' lang='lat' dir='ltr'><strong>alia</strong></span> <span class='ocrx_word' id='word_1_44' title='bbox 412 838 510 881; x_wconf 91' lang='lat' dir='ltr'><strong>duo</strong></span> <span class='ocrx_word' id='word_1_45' title='bbox 527 835 735 880; x_wconf 77' lang='lat' dir='ltr'><strong>lucratus</strong></span> <span class='ocrx_word' id='word_1_46' title='bbox 748 843 840 887; x_wconf 85' lang='lat' dir='ltr'><strong>est,</strong></span> 
     </span>
     <span class='ocr_line' id='line_1_11' title="bbox 143 894 851 953; baseline -0.006 -11"><span class='ocrx_word' id='word_1_47' title='bbox 143 906 293 953; x_wconf 86' lang='lat' dir='ltr'><strong>atque</strong></span> <span class='ocrx_word' id='word_1_48' title='bbox 310 896 485 940; x_wconf 79' lang='lat' dir='ltr'><strong>idcirco</strong></span> <span class='ocrx_word' id='word_1_49' title='bbox 507 896 605 953; x_wconf 85' lang='lat' dir='ltr'><strong>pari</strong></span> <span class='ocrx_word' id='word_1_50' title='bbox 626 907 736 940; x_wconf 89' lang='lat' dir='ltr'><strong>eum</strong></span> <span class='ocrx_word' id='word_1_51' title='bbox 751 894 851 939; x_wconf 79' lang='lat' dir='ltr'><strong>Do-</strong></span> 
     </span>
     <span class='ocr_line' id='line_1_12' title="bbox 143 953 841 1011; baseline -0.006 -10"><span class='ocrx_word' id='word_1_52' title='bbox 143 957 301 1001; x_wconf 90' lang='lat' dir='ltr'><strong>minus</strong></span> <span class='ocrx_word' id='word_1_53' title='bbox 314 953 495 1000; x_wconf 77' lang='lat' dir='ltr'><strong>honere</strong></span> <span class='ocrx_word' id='word_1_54' title='bbox 508 956 554 999; x_wconf 88' lang='lat' dir='ltr'><strong>di</strong></span> <span class='ocrx_word' id='word_1_55' title='bbox 558 953 734 1011; x_wconf 74' lang='lat' dir='ltr'><strong>gnetus</strong></span> <span class='ocrx_word' id='word_1_56' title='bbox 755 961 841 998; x_wconf 89' lang='lat' dir='ltr'><strong>est.</strong></span> 
     </span>
     <span class='ocr_line' id='line_1_13' title="bbox 351 1014 636 1058; baseline 0 -2"><span class='ocrx_word' id='word_1_57' title='bbox 351 1014 506 1058; x_wconf 65' lang='lat' dir='ltr'><strong>Iaec‘tio</strong></span> <span class='ocrx_word' id='word_1_58' title='bbox 525 1014 636 1057; x_wconf 76' lang='lat' dir='ltr'><strong>viii.</strong></span> 
     </span>
     <span class='ocr_line' id='line_1_14' title="bbox 214 1071 850 1136; baseline 0.008 -23"><span class='ocrx_word' id='word_1_59' title='bbox 214 1082 299 1136; x_wconf 29' lang='grc' dir='ltr'><strong>,ξρ-</strong></span> <span class='ocrx_word' id='word_1_60' title='bbox 323 1071 689 1117; x_wconf 79' lang='lat' dir='ltr'>ROVENTUS</span> <span class='ocrx_word' id='word_1_61' title='bbox 719 1072 850 1118; x_wconf 87' lang='lat' dir='ltr'><strong>haud</strong></span> 
     </span>
     <span class='ocr_line' id='line_1_15' title="bbox 223 1132 852 1191; baseline 0.003 -17"><span class='ocrx_word' id='word_1_62' title='bbox 223 1132 233 1173; x_wconf 80' lang='grc' dir='ltr'>ἶ</span> <span class='ocrx_word' id='word_1_63' title='bbox 290 1185 294 1191; x_wconf 94' lang='lat'><em>.</em></span> <span class='ocrx_word' id='word_1_64' title='bbox 341 1132 472 1175; x_wconf 88' lang='lat' dir='ltr'><strong>idem</strong></span> <span class='ocrx_word' id='word_1_65' title='bbox 489 1139 580 1182; x_wconf 87' lang='lat' dir='ltr'><strong>est,</strong></span> <span class='ocrx_word' id='word_1_66' title='bbox 602 1138 649 1176; x_wconf 90' lang='lat' dir='ltr'><strong>et</strong></span> <span class='ocrx_word' id='word_1_67' title='bbox 670 1145 852 1177; x_wconf 77' lang='lat' dir='ltr'><strong>merces</strong></span> 
     </span>
     <span class='ocr_line' id='line_1_16' title="bbox 278 1191 851 1245; baseline 0.002 -11"><span class='ocrx_word' id='word_1_68' title='bbox 278 1209 285 1213; x_wconf 81' lang='grc'>·</span> <span class='ocrx_word' id='word_1_69' title='bbox 342 1199 413 1235; x_wconf 82' lang='lat' dir='ltr'><strong>est</strong></span> <span class='ocrx_word' id='word_1_70' title='bbox 482 1191 667 1235; x_wconf 85' lang='lat' dir='ltr'><strong>eadem.</strong></span> <span class='ocrx_word' id='word_1_71' title='bbox 720 1192 851 1245; x_wconf 88' lang='lat' dir='ltr'><strong>Quid</strong></span> 
     </span>
     <span class='ocr_line' id='line_1_17' title="bbox 146 1250 850 1304; baseline 0.003 -12"><span class='ocrx_word' id='word_1_72' title='bbox 146 1250 248 1293; x_wconf 84' lang='lat' dir='ltr'><strong>ita?</strong></span> <span class='ocrx_word' id='word_1_73' title='bbox 267 1250 505 1304; x_wconf 79' lang='lat' dir='ltr'><strong>Quoniam</strong></span> <span class='ocrx_word' id='word_1_74' title='bbox 549 1262 644 1293; x_wconf 89' lang='lat' dir='ltr'><strong>non</strong></span> <span class='ocrx_word' id='word_1_75' title='bbox 686 1250 850 1295; x_wconf 67' lang='lat' dir='ltr'><strong>ebrum</strong></span> 
     </span>
     <span class='ocr_line' id='line_1_18' title="bbox 142 1310 850 1366; baseline 0.001 -14"><span class='ocrx_word' id='word_1_76' title='bbox 142 1321 269 1365; x_wconf 86' lang='lat' dir='ltr'><strong>quae</strong></span> <span class='ocrx_word' id='word_1_77' title='bbox 289 1310 450 1354; x_wconf 74' lang='lat' dir='ltr'><strong>oblata</strong></span> <span class='ocrx_word' id='word_1_78' title='bbox 471 1317 582 1353; x_wconf 90' lang='lat' dir='ltr'><strong>sunt</strong></span> <span class='ocrx_word' id='word_1_79' title='bbox 612 1310 850 1366; x_wconf 77' lang='lat' dir='ltr'><strong>quantita-</strong></span> 
     </span>
     <span class='ocr_line' id='line_1_19' title="bbox 143 1367 843 1417; baseline 0.001 -7"><span class='ocrx_word' id='word_1_80' title='bbox 143 1376 256 1417; x_wconf 83' lang='lat' dir='ltr'><strong>tem,</strong></span> <span class='ocrx_word' id='word_1_81' title='bbox 294 1368 378 1412; x_wconf 89' lang='lat' dir='ltr'><strong>sed</strong></span> <span class='ocrx_word' id='word_1_82' title='bbox 419 1368 583 1413; x_wconf 74' lang='lat' dir='ltr'><strong>cerum</strong></span> <span class='ocrx_word' id='word_1_83' title='bbox 624 1367 843 1413; x_wconf 75' lang='lat' dir='ltr'><strong>virtutem</strong></span> 
     </span>
     <span class='ocr_line' id='line_1_20' title="bbox 139 1426 849 1532; baseline 0.001 -62"><span class='ocrx_word' id='word_1_84' title='bbox 139 1426 468 1531; x_wconf 52' lang='grc' dir='ltr'><strong>ἓὲὲὲξςὸἓάῑὶ</strong></span> <span class='ocrx_word' id='word_1_85' title='bbox 492 1426 849 1532; x_wconf 45' lang='lat' dir='ltr'><strong>{gerantsstten-</strong></span> 
     </span>
     <span class='ocr_line' id='line_1_21' title="bbox 397 1500 849 1531; baseline -0.002 -1"><span class='ocrx_word' id='word_1_86' title='bbox 397 1500 465 1531; x_wconf 85' lang='lat' dir='ltr'><strong>us.</strong></span> <span class='ocrx_word' id='word_1_87' title='bbox 543 1500 622 1530; x_wconf 86' lang='lat' dir='ltr'><strong>am</strong></span> <span class='ocrx_word' id='word_1_88' title='bbox 652 1500 684 1531; x_wconf 89' lang='lat' dir='ltr'><strong>u</strong></span> <span class='ocrx_word' id='word_1_89' title='bbox 734 1500 756 1530; x_wconf 96' lang='lat' dir='ltr'><strong>r</strong></span> <span class='ocrx_word' id='word_1_90' title='bbox 791 1500 849 1530; x_wconf 90' lang='lat' dir='ltr'><strong>ue</strong></span> 
     </span>
     <span class='ocr_line' id='line_1_22' title="bbox 140 1500 849 1601; baseline 0.001 -14"><span class='ocrx_word' id='word_1_91' title='bbox 140 1557 232 1601; x_wconf 86' lang='lat' dir='ltr'><strong>pro</strong></span> <span class='ocrx_word' id='word_1_92' title='bbox 253 1545 369 1588; x_wconf 87' lang='lat' dir='ltr'><strong>virili</strong></span> <span class='ocrx_word' id='word_1_93' title='bbox 390 1559 516 1601; x_wconf 86' lang='lat' dir='ltr'><strong>quae</strong></span> <span class='ocrx_word' id='word_1_94' title='bbox 537 1544 728 1590; x_wconf 69' lang='lat' dir='ltr'><strong>suatum</strong></span> <span class='ocrx_word' id='word_1_95' title='bbox 742 1500 849 1601; x_wconf 50' lang='lat' dir='ltr'><strong>gler-</strong></span> 
     </span>
     <span class='ocr_line' id='line_1_23' title="bbox 142 1603 851 1660; baseline 0 -14"><span class='ocrx_word' id='word_1_96' title='bbox 142 1603 262 1647; x_wconf 89' lang='lat' dir='ltr'><strong>tium</strong></span> <span class='ocrx_word' id='word_1_97' title='bbox 283 1612 416 1646; x_wconf 86' lang='lat' dir='ltr'><strong>erant</strong></span> <span class='ocrx_word' id='word_1_98' title='bbox 434 1604 744 1660; x_wconf 73' lang='lat' dir='ltr'><strong>praestiterat.</strong></span> <span class='ocrx_word' id='word_1_99' title='bbox 756 1604 851 1647; x_wconf 88' lang='lat' dir='ltr'><strong>Res</strong></span> 
     </span>
     <span class='ocr_line' id='line_1_24' title="bbox 140 1661 851 1719; baseline 0.001 -14"><span class='ocrx_word' id='word_1_100' title='bbox 140 1668 304 1706; x_wconf 87' lang='lat' dir='ltr'><strong>autem</strong></span> <span class='ocrx_word' id='word_1_101' title='bbox 315 1661 504 1707; x_wconf 69' lang='lat' dir='ltr'><strong>oblatae</strong></span> <span class='ocrx_word' id='word_1_102' title='bbox 517 1674 613 1708; x_wconf 88' lang='lat' dir='ltr'><strong>non</strong></span> <span class='ocrx_word' id='word_1_103' title='bbox 629 1662 851 1719; x_wconf 88' lang='lat' dir='ltr'><strong>multipli-</strong></span> 
     </span>
     <span class='ocr_line' id='line_1_25' title="bbox 139 1720 851 1766; baseline 0 -1"><span class='ocrx_word' id='word_1_104' title='bbox 139 1720 280 1766; x_wconf 64' lang='lat' dir='ltr'><strong>cetae</strong></span> <span class='ocrx_word' id='word_1_105' title='bbox 310 1720 496 1766; x_wconf 66' lang='lat' dir='ltr'><strong>siluerant</strong></span> <span class='ocrx_word' id='word_1_106' title='bbox 523 1729 607 1765; x_wconf 87' lang='lat' dir='ltr'><strong>aut</strong></span> <span class='ocrx_word' id='word_1_107' title='bbox 632 1720 851 1766; x_wconf 75' lang='lat' dir='ltr'><strong>immimi-</strong></span> 
     </span>
     <span class='ocr_line' id='line_1_26' title="bbox 141 1779 844 1837; baseline 0 -13"><span class='ocrx_word' id='word_1_108' title='bbox 141 1788 236 1831; x_wconf 87' lang='lat' dir='ltr'><strong>tae‚</strong></span> <span class='ocrx_word' id='word_1_109' title='bbox 264 1780 337 1824; x_wconf 86' lang='lat' dir='ltr'><strong>vel</strong></span> <span class='ocrx_word' id='word_1_110' title='bbox 358 1780 563 1825; x_wconf 83' lang='lat' dir='ltr'><strong>obillius</strong></span> <span class='ocrx_word' id='word_1_111' title='bbox 584 1779 844 1837; x_wconf 65' lang='lat' dir='ltr'><strong>igneviam,</strong></span> 
     </span>
     <span class='ocr_line' id='line_1_27' title="bbox 139 1839 845 1897; baseline 0 -14"><span class='ocrx_word' id='word_1_112' title='bbox 139 1839 217 1883; x_wconf 86' lang='lat' dir='ltr'><strong>vel</strong></span> <span class='ocrx_word' id='word_1_113' title='bbox 251 1839 317 1883; x_wconf 92' lang='lat' dir='ltr'><strong>ob</strong></span> <span class='ocrx_word' id='word_1_114' title='bbox 350 1839 643 1897; x_wconf 85' lang='lat' dir='ltr'><strong>diligentiam</strong></span> <span class='ocrx_word' id='word_1_115' title='bbox 688 1839 845 1890; x_wconf 78' lang='lat' dir='ltr'><strong>istius,</strong></span> 
     </span>
     <span class='ocr_line' id='line_1_28' title="bbox 140 1898 852 1955; baseline -0.001 -12"><span class='ocrx_word' id='word_1_116' title='bbox 140 1898 229 1943; x_wconf 90' lang='lat' dir='ltr'><strong>sed</strong></span> <span class='ocrx_word' id='word_1_117' title='bbox 252 1911 340 1954; x_wconf 90' lang='lat' dir='ltr'><strong>pro</strong></span> <span class='ocrx_word' id='word_1_118' title='bbox 360 1898 565 1955; x_wconf 73' lang='lat' dir='ltr'><strong>depdsiti</strong></span> <span class='ocrx_word' id='word_1_119' title='bbox 583 1898 852 1943; x_wconf 71' lang='lat' dir='ltr'><strong>diversitate</strong></span> 
     </span>
    </p>
   </div>
   <div class='ocr_carea' id='block_1_5' title="bbox 138 1070 315 1246">
    <p class='ocr_par' dir='ltr' id='par_1_5' title="bbox 138 1070 315 1246">
     <span class='ocr_line' id='line_1_29' title="bbox 138 1070 315 1246; baseline 0 2146"><span class='ocrx_word' id='word_1_120' title='bbox 138 1070 315 1246; x_wconf 95' lang='lat' dir='ltr'><strong> </strong></span> 
     </span>
    </p>
   </div>
   <div class='ocr_carea' id='block_1_6' title="bbox 139 1957 854 2015">
    <p class='ocr_par' dir='ltr' id='par_1_6' title="bbox 139 1957 854 2015">
     <span class='ocr_line' id='line_1_30' title="bbox 139 1957 854 2015; baseline 0 -14"><span class='ocrx_word' id='word_1_121' title='bbox 139 1957 218 2001; x_wconf 89' lang='lat' dir='ltr'><strong>ille</strong></span> <span class='ocrx_word' id='word_1_122' title='bbox 232 1957 445 2015; x_wconf 88' lang='lat' dir='ltr'><strong>quinque</strong></span> <span class='ocrx_word' id='word_1_123' title='bbox 475 1957 656 2014; x_wconf 89' lang='lat' dir='ltr'><strong>accepit</strong></span> <span class='ocrx_word' id='word_1_124' title='bbox 669 1992 679 2008; x_wconf 88' lang='lat'><em>,</em></span> <span class='ocrx_word' id='word_1_125' title='bbox 700 1965 748 2003; x_wconf 87' lang='lat' dir='ltr'><strong>et</strong></span> <span class='ocrx_word' id='word_1_126' title='bbox 767 1958 854 2003; x_wconf 74' lang='lat' dir='ltr'><strong>eb-</strong></span> 
     </span>
    </p>
   </div>
   <div class='ocr_carea' id='block_1_7' title="bbox 139 2016 852 2192">
    <p class='ocr_par' dir='ltr' id='par_1_7' title="bbox 139 2016 852 2192">
     <span class='ocr_line' id='line_1_31' title="bbox 141 2016 852 2074; baseline 0.004 -15"><span class='ocrx_word' id='word_1_127' title='bbox 141 2016 250 2060; x_wconf 90' lang='lat' dir='ltr'><strong>tulit</strong></span> <span class='ocrx_word' id='word_1_128' title='bbox 281 2016 376 2060; x_wconf 76' lang='lat' dir='ltr'><strong>alia</strong></span> <span class='ocrx_word' id='word_1_129' title='bbox 410 2017 639 2074; x_wconf 82' lang='lat' dir='ltr'><strong>quinque;</strong></span> <span class='ocrx_word' id='word_1_130' title='bbox 677 2016 755 2062; x_wconf 89' lang='lat' dir='ltr'><strong>hic</strong></span> <span class='ocrx_word' id='word_1_131' title='bbox 774 2030 852 2062; x_wconf 88' lang='lat' dir='ltr'><strong>ac-</strong></span> 
     </span>
     <span class='ocr_line' id='line_1_32' title="bbox 139 2075 851 2132; baseline 0 -12"><span class='ocrx_word' id='word_1_132' title='bbox 139 2075 268 2132; x_wconf 87' lang='lat' dir='ltr'><strong>cepit</strong></span> <span class='ocrx_word' id='word_1_133' title='bbox 303 2076 401 2120; x_wconf 91' lang='lat' dir='ltr'><strong>duo</strong></span> <span class='ocrx_word' id='word_1_134' title='bbox 434 2084 482 2120; x_wconf 87' lang='lat' dir='ltr'><strong>et</strong></span> <span class='ocrx_word' id='word_1_135' title='bbox 511 2075 684 2121; x_wconf 76' lang='lat' dir='ltr'><strong>dbtulit</strong></span> <span class='ocrx_word' id='word_1_136' title='bbox 719 2076 851 2127; x_wconf 81' lang='lat' dir='ltr'><strong>duo:</strong></span> 
     </span>
     <span class='ocr_line' id='line_1_33' title="bbox 139 2133 851 2192; baseline 0.001 -13"><span class='ocrx_word' id='word_1_137' title='bbox 139 2147 298 2191; x_wconf 90' lang='lat' dir='ltr'><strong>neque</strong></span> <span class='ocrx_word' id='word_1_138' title='bbox 313 2136 446 2192; x_wconf 89' lang='lat' dir='ltr'><strong>quod</strong></span> <span class='ocrx_word' id='word_1_139' title='bbox 465 2136 529 2179; x_wconf 88' lang='lat' dir='ltr'><strong>ad</strong></span> <span class='ocrx_word' id='word_1_140' title='bbox 550 2133 762 2182; x_wconf 77' lang='lat' dir='ltr'><strong>studium</strong></span> <span class='ocrx_word' id='word_1_141' title='bbox 780 2135 851 2181; x_wconf 77' lang='lat' dir='ltr'><strong>at·</strong></span> 
     </span>
    </p>
   </div>
   <div class='ocr_carea' id='block_1_8' title="bbox 883 1857 888 2104">
    <p class='ocr_par' dir='ltr' id='par_1_8' title="bbox 883 1857 888 2104">
     <span class='ocr_line' id='line_1_34' title="bbox 883 1857 888 2104; baseline 0 0"><span class='ocrx_word' id='word_1_142' title='bbox 883 1857 888 2104; x_wconf 95' lang='lat' dir='ltr'><strong> </strong></span> 
     </span>
    </p>
   </div>
   <div class='ocr_carea' id='block_1_9' title="bbox 914 482 1628 1771">
    <p class='ocr_par' dir='ltr' id='par_1_9' title="bbox 914 482 1628 1293">
     <span class='ocr_line' id='line_1_35' title="bbox 915 482 1621 527; baseline 0 -2"><span class='ocrx_word' id='word_1_143' title='bbox 915 482 1123 526; x_wconf 89' lang='lat' dir='ltr'><strong>multum</strong></span> <span class='ocrx_word' id='word_1_144' title='bbox 1139 496 1196 526; x_wconf 89' lang='lat' dir='ltr'><strong>ex</strong></span> <span class='ocrx_word' id='word_1_145' title='bbox 1212 483 1280 526; x_wconf 90' lang='lat' dir='ltr'><strong>eis</strong></span> <span class='ocrx_word' id='word_1_146' title='bbox 1295 482 1479 527; x_wconf 89' lang='lat' dir='ltr'><strong>lucrum</strong></span> <span class='ocrx_word' id='word_1_147' title='bbox 1495 482 1621 526; x_wconf 82' lang='lat' dir='ltr'><strong>exhi-</strong></span> 
     </span>
     <span class='ocr_line' id='line_1_36' title="bbox 914 540 1626 598; baseline 0 -14"><span class='ocrx_word' id='word_1_148' title='bbox 914 540 1128 585; x_wconf 76' lang='lat' dir='ltr'><strong>beamus.</strong></span> <span class='ocrx_word' id='word_1_149' title='bbox 1168 540 1340 598; x_wconf 82' lang='lat' dir='ltr'><strong>Neque</strong></span> <span class='ocrx_word' id='word_1_150' title='bbox 1375 541 1503 585; x_wconf 90' lang='lat' dir='ltr'><strong>dicat</strong></span> <span class='ocrx_word' id='word_1_151' title='bbox 1543 540 1626 586; x_wconf 69' lang='lat' dir='ltr'><strong>eli-</strong></span> 
     </span>
     <span class='ocr_line' id='line_1_37' title="bbox 915 599 1625 656; baseline -0.001 -12"><span class='ocrx_word' id='word_1_152' title='bbox 915 600 1021 656; x_wconf 88' lang='lat' dir='ltr'>quis</span> <span class='ocrx_word' id='word_1_153' title='bbox 1050 614 1060 644; x_wconf 91' lang='lat'><strong>:</strong></span> <span class='ocrx_word' id='word_1_154' title='bbox 1087 600 1245 644; x_wconf 76' lang='lat' dir='ltr'><strong>Idieta</strong></span> <span class='ocrx_word' id='word_1_155' title='bbox 1267 613 1395 651; x_wconf 84' lang='lat' dir='ltr'><strong>sum,</strong></span> <span class='ocrx_word' id='word_1_156' title='bbox 1421 599 1625 656; x_wconf 82' lang='lat' dir='ltr'><strong>discipu-</strong></span> 
     </span>
     <span class='ocr_line' id='line_1_38' title="bbox 916 658 1627 711; baseline 0.001 -9"><span class='ocrx_word' id='word_1_157' title='bbox 916 659 988 703; x_wconf 87' lang='lat' dir='ltr'><strong>lus</strong></span> <span class='ocrx_word' id='word_1_158' title='bbox 1008 673 1130 711; x_wconf 85' lang='lat' dir='ltr'><strong>sum,</strong></span> <span class='ocrx_word' id='word_1_159' title='bbox 1158 660 1354 703; x_wconf 84' lang='lat' dir='ltr'><strong>verbum</strong></span> <span class='ocrx_word' id='word_1_160' title='bbox 1379 658 1627 704; x_wconf 69' lang='lat' dir='ltr'><strong>doetrinae</strong></span> 
     </span>
     <span class='ocr_line' id='line_1_39' title="bbox 916 717 1627 774; baseline 0.001 -13"><span class='ocrx_word' id='word_1_161' title='bbox 916 730 1013 762; x_wconf 88' lang='lat' dir='ltr'><strong>nou</strong></span> <span class='ocrx_word' id='word_1_162' title='bbox 1036 717 1213 768; x_wconf 77' lang='lat' dir='ltr'><strong>habeo.</strong></span> <span class='ocrx_word' id='word_1_163' title='bbox 1240 730 1349 762; x_wconf 90' lang='lat' dir='ltr'><strong>cum</strong></span> <span class='ocrx_word' id='word_1_164' title='bbox 1381 717 1627 774; x_wconf 81' lang='lat' dir='ltr'><strong>imperitus</strong></span> 
     </span>
     <span class='ocr_line' id='line_1_40' title="bbox 915 776 1625 833; baseline -0.001 -13"><span class='ocrx_word' id='word_1_165' title='bbox 915 776 1030 829; x_wconf 86' lang='lat' dir='ltr'><strong>sim,</strong></span> <span class='ocrx_word' id='word_1_166' title='bbox 1059 782 1108 821; x_wconf 88' lang='lat' dir='ltr'><strong>et</strong></span> <span class='ocrx_word' id='word_1_167' title='bbox 1130 776 1300 821; x_wconf 84' lang='lat' dir='ltr'><strong>nullius</strong></span> <span class='ocrx_word' id='word_1_168' title='bbox 1317 776 1453 833; x_wconf 88' lang='lat' dir='ltr'><strong>pretii</strong></span> <span class='ocrx_word' id='word_1_169' title='bbox 1474 791 1484 821; x_wconf 79' lang='lat'>2</span> <span class='ocrx_word' id='word_1_170' title='bbox 1508 784 1625 820; x_wconf 86' lang='lat' dir='ltr'><strong>tam-</strong></span> 
     </span>
     <span class='ocr_line' id='line_1_41' title="bbox 915 833 1627 885; baseline 0.001 -7"><span class='ocrx_word' id='word_1_171' title='bbox 915 833 1003 879; x_wconf 89' lang='lat' dir='ltr'><strong>etsi</strong></span> <span class='ocrx_word' id='word_1_172' title='bbox 1039 835 1167 879; x_wconf 89' lang='lat' dir='ltr'><strong>enim</strong></span> <span class='ocrx_word' id='word_1_173' title='bbox 1210 835 1361 881; x_wconf 74' lang='lat' dir='ltr'><strong>idieta</strong></span> <span class='ocrx_word' id='word_1_174' title='bbox 1387 836 1470 885; x_wconf 86' lang='lat' dir='ltr'><strong>sis,</strong></span> <span class='ocrx_word' id='word_1_175' title='bbox 1517 836 1627 880; x_wconf 90' lang='lat' dir='ltr'><strong>licet</strong></span> 
     </span>
     <span class='ocr_line' id='line_1_42' title="bbox 917 894 1625 950; baseline 0.001 -13"><span class='ocrx_word' id='word_1_176' title='bbox 917 894 1198 950; x_wconf 79' lang='lat' dir='ltr'><strong>discipulus,</strong></span> <span class='ocrx_word' id='word_1_177' title='bbox 1225 894 1331 939; x_wconf 92' lang='lat' dir='ltr'><strong>licet</strong></span> <span class='ocrx_word' id='word_1_178' title='bbox 1360 907 1508 938; x_wconf 89' lang='lat' dir='ltr'><strong>unum</strong></span> <span class='ocrx_word' id='word_1_179' title='bbox 1542 895 1625 939; x_wconf 91' lang='lat' dir='ltr'><strong>tibi</strong></span> 
     </span>
     <span class='ocr_line' id='line_1_43' title="bbox 915 952 1628 1010; baseline 0.003 -15"><span class='ocrx_word' id='word_1_180' title='bbox 915 952 1145 997; x_wconf 77' lang='lat' dir='ltr'><strong>talentum</strong></span> <span class='ocrx_word' id='word_1_181' title='bbox 1155 954 1215 998; x_wconf 85' lang='lat' dir='ltr'><strong>sit</strong></span> <span class='ocrx_word' id='word_1_182' title='bbox 1223 953 1467 1003; x_wconf 84' lang='lat' dir='ltr'><strong>creditum,</strong></span> <span class='ocrx_word' id='word_1_183' title='bbox 1482 967 1628 1010; x_wconf 90' lang='lat' dir='ltr'><strong>nego-</strong></span> 
     </span>
     <span class='ocr_line' id='line_1_44' title="bbox 915 1011 1627 1069; baseline 0.001 -14"><span class='ocrx_word' id='word_1_184' title='bbox 915 1011 1034 1056; x_wconf 63' lang='lat' dir='ltr'><strong>tiAre</strong></span> <span class='ocrx_word' id='word_1_185' title='bbox 1063 1026 1121 1056; x_wconf 87' lang='lat' dir='ltr'><strong>ex</strong></span> <span class='ocrx_word' id='word_1_186' title='bbox 1148 1025 1207 1057; x_wconf 90' lang='lat' dir='ltr'><strong>eo</strong></span> <span class='ocrx_word' id='word_1_187' title='bbox 1234 1013 1365 1069; x_wconf 87' lang='lat' dir='ltr'><strong>quod</strong></span> <span class='ocrx_word' id='word_1_188' title='bbox 1388 1013 1469 1056; x_wconf 85' lang='lat' dir='ltr'><strong>tibi</strong></span> <span class='ocrx_word' id='word_1_189' title='bbox 1499 1026 1627 1057; x_wconf 86' lang='lat' dir='ltr'><strong>com·</strong></span> 
     </span>
     <span class='ocr_line' id='line_1_45' title="bbox 915 1071 1625 1121; baseline 0.003 -7"><span class='ocrx_word' id='word_1_190' title='bbox 915 1071 1113 1115; x_wconf 83' lang='lat' dir='ltr'><strong>missum</strong></span> <span class='ocrx_word' id='word_1_191' title='bbox 1125 1080 1210 1121; x_wconf 89' lang='lat' dir='ltr'><strong>est,</strong></span> <span class='ocrx_word' id='word_1_192' title='bbox 1225 1079 1270 1115; x_wconf 92' lang='lat' dir='ltr'><strong>et</strong></span> <span class='ocrx_word' id='word_1_193' title='bbox 1284 1071 1501 1115; x_wconf 75' lang='lat' dir='ltr'><strong>eamdem</strong></span> <span class='ocrx_word' id='word_1_194' title='bbox 1517 1085 1625 1116; x_wconf 90' lang='lat' dir='ltr'><strong>cum</strong></span> 
     </span>
     <span class='ocr_line' id='line_1_46' title="bbox 915 1129 1621 1188; baseline 0.001 -14"><span class='ocrx_word' id='word_1_195' title='bbox 915 1129 1111 1174; x_wconf 73' lang='lat' dir='ltr'><strong>doe&#39;tere</strong></span> <span class='ocrx_word' id='word_1_196' title='bbox 1122 1129 1386 1175; x_wconf 76' lang='lat' dir='ltr'><strong>mercedem</strong></span> <span class='ocrx_word' id='word_1_197' title='bbox 1402 1129 1621 1188; x_wconf 80' lang='lat' dir='ltr'><strong>accipies.</strong></span> 
     </span>
     <span class='ocr_line' id='line_1_47' title="bbox 1095 1198 1444 1234; baseline 0.003 -1"><span class='ocrx_word' id='word_1_198' title='bbox 1095 1199 1170 1234; x_wconf 81' lang='lat' dir='ltr'><strong>AD</strong></span> <span class='ocrx_word' id='word_1_199' title='bbox 1220 1198 1444 1234; x_wconf 60' lang='lat' dir='ltr'>LAUDE&amp;</span> 
     </span>
     <span class='ocr_line' id='line_1_48' title="bbox 1145 1249 1380 1293; baseline -0.013 0"><span class='ocrx_word' id='word_1_200' title='bbox 1145 1249 1203 1293; x_wconf 89' lang='lat' dir='ltr'><em>H</em></span> <span class='ocrx_word' id='word_1_201' title='bbox 1229 1262 1380 1291; x_wconf 82' lang='lat' dir='ltr'><strong>mnus.</strong></span> 
     </span>
    </p>

    <p class='ocr_par' dir='ltr' id='par_1_10' title="bbox 916 1306 1624 1660">
     <span class='ocr_line' id='line_1_49' title="bbox 982 1306 1624 1386; baseline -0.003 -33"><span class='ocrx_word' id='word_1_202' title='bbox 982 1325 1066 1386; x_wconf 42' lang='grc' dir='ltr'><strong>,Ἰ</strong></span> <span class='ocrx_word' id='word_1_203' title='bbox 1098 1308 1174 1353; x_wconf 87' lang='lat' dir='ltr'><strong>ES</strong></span> <span class='ocrx_word' id='word_1_204' title='bbox 1222 1306 1624 1351; x_wconf 70' lang='lat' dir='ltr'><strong>IREMUSbeeti</strong></span> 
     </span>
     <span class='ocr_line' id='line_1_50' title="bbox 926 1325 1618 1426; baseline -0.001 -16"><span class='ocrx_word' id='word_1_205' title='bbox 926 1325 1036 1426; x_wconf 55' lang='lat' dir='ltr'><strong>Y:</strong></span> <span class='ocrx_word' id='word_1_206' title='bbox 1148 1366 1350 1411; x_wconf 86' lang='lat' dir='ltr'><strong>Huberti</strong></span> <span class='ocrx_word' id='word_1_207' title='bbox 1376 1367 1618 1416; x_wconf 80' lang='lat' dir='ltr'><strong>memoria.</strong></span> 
     </span>
     <span class='ocr_line' id='line_1_51' title="bbox 927 1423 1624 1470; baseline 0.003 -3"><span class='ocrx_word' id='word_1_208' title='bbox 927 1423 952 1461; x_wconf 45' lang='grc' dir='ltr'>ἀ</span> <span class='ocrx_word' id='word_1_209' title='bbox 984 1431 1065 1467; x_wconf 50' lang='grc' dir='ltr'><strong>’ὡς</strong></span> <span class='ocrx_word' id='word_1_210' title='bbox 1117 1426 1422 1470; x_wconf 86' lang='lat' dir='ltr'><strong>Celebremus</strong></span> <span class='ocrx_word' id='word_1_211' title='bbox 1459 1425 1624 1469; x_wconf 79' lang='lat' dir='ltr'><strong>illibati</strong></span> 
     </span>
     <span class='ocr_line' id='line_1_52' title="bbox 919 1485 1422 1536; baseline -0.002 -7"><span class='ocrx_word' id='word_1_212' title='bbox 919 1486 1155 1530; x_wconf 84' lang='lat' dir='ltr'><strong>Praesulis</strong></span> <span class='ocrx_word' id='word_1_213' title='bbox 1176 1485 1422 1536; x_wconf 85' lang='lat' dir='ltr'><strong>solemnia,</strong></span> 
     </span>
     <span class='ocr_line' id='line_1_53' title="bbox 916 1543 1486 1601; baseline 0 -14"><span class='ocrx_word' id='word_1_214' title='bbox 916 1544 1276 1601; x_wconf 63' lang='lat' dir='ltr'><strong>ConsurgAmus</strong></span> <span class='ocrx_word' id='word_1_215' title='bbox 1297 1543 1486 1588; x_wconf 76' lang='lat' dir='ltr'><strong>excitati</strong></span> 
     </span>
     <span class='ocr_line' id='line_1_54' title="bbox 920 1602 1386 1660; baseline 0 -14"><span class='ocrx_word' id='word_1_216' title='bbox 920 1602 974 1646; x_wconf 88' lang='lat' dir='ltr'><strong>In</strong></span> <span class='ocrx_word' id='word_1_217' title='bbox 997 1604 1099 1660; x_wconf 90' lang='lat' dir='ltr'><strong>ejus</strong></span> <span class='ocrx_word' id='word_1_218' title='bbox 1120 1602 1386 1659; x_wconf 73' lang='lat' dir='ltr'><strong>praecenia.</strong></span> 
     </span>
    </p>

    <p class='ocr_par' dir='ltr' id='par_1_11' title="bbox 922 1660 1471 1771">
     <span class='ocr_line' id='line_1_55' title="bbox 978 1660 1471 1719; baseline -0.002 -13"><span class='ocrx_word' id='word_1_219' title='bbox 978 1661 1184 1707; x_wconf 77' lang='lat' dir='ltr'><strong>Militare</strong></span> <span class='ocrx_word' id='word_1_220' title='bbox 1205 1660 1471 1719; x_wconf 84' lang='lat' dir='ltr'><strong>concupivit</strong></span> 
     </span>
     <span class='ocr_line' id='line_1_56' title="bbox 922 1720 1339 1771; baseline 0.002 -7"><span class='ocrx_word' id='word_1_221' title='bbox 922 1721 983 1765; x_wconf 86' lang='lat' dir='ltr'><strong>ln</strong></span> <span class='ocrx_word' id='word_1_222' title='bbox 1005 1720 1339 1771; x_wconf 85' lang='lat' dir='ltr'><strong>adolescentia.</strong></span> 
     </span>
    </p>
   </div>
   <div class='ocr_carea' id='block_1_10' title="bbox 917 1308 926 1476">
    <p class='ocr_par' dir='ltr' id='par_1_12' title="bbox 917 1308 926 1476">
     <span class='ocr_line' id='line_1_57' title="bbox 917 1308 926 1476; baseline 0 1916"><span class='ocrx_word' id='word_1_223' title='bbox 917 1308 926 1476; x_wconf 95' lang='lat' dir='ltr'><strong> </strong></span> 
     </span>
    </p>
   </div>
   <div class='ocr_carea' id='block_1_11' title="bbox 910 1779 1619 1839">
    <p class='ocr_par' dir='ltr' id='par_1_13' title="bbox 910 1779 1619 1839">
     <span class='ocr_line' id='line_1_58' title="bbox 910 1779 1619 1839; baseline 0.003 -16"><span class='ocrx_word' id='word_1_224' title='bbox 910 1780 1094 1839; x_wconf 91' lang='lat' dir='ltr'><strong>Jugum</strong></span> <span class='ocrx_word' id='word_1_225' title='bbox 1111 1779 1285 1824; x_wconf 87' lang='lat' dir='ltr'><strong>Christi</strong></span> <span class='ocrx_word' id='word_1_226' title='bbox 1302 1787 1412 1836; x_wconf 89' lang='lat' dir='ltr'><strong>post</strong></span> <span class='ocrx_word' id='word_1_227' title='bbox 1433 1779 1619 1832; x_wconf 83' lang='lat' dir='ltr'><strong>subivit,</strong></span> 
     </span>
    </p>
   </div>
   <div class='ocr_carea' id='block_1_12' title="bbox 917 1839 1587 2133">
    <p class='ocr_par' dir='ltr' id='par_1_14' title="bbox 917 1839 1587 2002">
     <span class='ocr_line' id='line_1_59' title="bbox 919 1839 1490 1895; baseline 0.002 -13"><span class='ocrx_word' id='word_1_228' title='bbox 919 1841 1091 1895; x_wconf 72' lang='lat' dir='ltr'><strong>Spreta</strong></span> <span class='ocrx_word' id='word_1_229' title='bbox 1112 1839 1280 1884; x_wconf 88' lang='lat' dir='ltr'><strong>mundi</strong></span> <span class='ocrx_word' id='word_1_230' title='bbox 1300 1839 1451 1895; x_wconf 73' lang='lat' dir='ltr'><strong>gleria</strong></span> <span class='ocrx_word' id='word_1_231' title='bbox 1479 1853 1490 1883; x_wconf 89' lang='lat'><strong>:</strong></span> 
     </span>
     <span class='ocr_line' id='line_1_60' title="bbox 920 1897 1587 1943; baseline 0.003 -2"><span class='ocrx_word' id='word_1_232' title='bbox 920 1897 1067 1942; x_wconf 91' lang='lat' dir='ltr'><strong>Hunc</strong></span> <span class='ocrx_word' id='word_1_233' title='bbox 1092 1897 1371 1943; x_wconf 88' lang='lat' dir='ltr'><strong>Lambertus</strong></span> <span class='ocrx_word' id='word_1_234' title='bbox 1392 1899 1587 1943; x_wconf 78' lang='lat' dir='ltr'><strong>erudivit</strong></span> 
     </span>
     <span class='ocr_line' id='line_1_61' title="bbox 917 1957 1354 2002; baseline 0.002 -1"><span class='ocrx_word' id='word_1_235' title='bbox 917 1957 1125 2002; x_wconf 87' lang='lat' dir='ltr'><strong>Coelesti</strong></span> <span class='ocrx_word' id='word_1_236' title='bbox 1146 1957 1354 2002; x_wconf 85' lang='lat' dir='ltr'><strong>scientia.</strong></span> 
     </span>
    </p>

    <p class='ocr_par' dir='ltr' id='par_1_15' title="bbox 920 2016 1546 2133">
     <span class='ocr_line' id='line_1_62' title="bbox 978 2016 1546 2074; baseline 0.004 -14"><span class='ocrx_word' id='word_1_237' title='bbox 978 2016 1126 2072; x_wconf 86' lang='lat' dir='ltr'><strong>Gregi</strong></span> <span class='ocrx_word' id='word_1_238' title='bbox 1148 2030 1237 2061; x_wconf 89' lang='lat' dir='ltr'><strong>suo</strong></span> <span class='ocrx_word' id='word_1_239' title='bbox 1258 2017 1546 2074; x_wconf 67' lang='lat' dir='ltr'><strong>praedicevit</strong></span> 
     </span>
     <span class='ocr_line' id='line_1_63' title="bbox 920 2076 1517 2133; baseline 0.003 -15"><span class='ocrx_word' id='word_1_240' title='bbox 920 2076 1064 2132; x_wconf 83' lang='lat' dir='ltr'><strong>Spem</strong></span> <span class='ocrx_word' id='word_1_241' title='bbox 1086 2077 1318 2133; x_wconf 73' lang='lat' dir='ltr'><strong>supernae</strong></span> <span class='ocrx_word' id='word_1_242' title='bbox 1337 2076 1517 2133; x_wconf 74' lang='lat' dir='ltr'><strong>gleriae</strong></span> 
     </span>
    </p>
   </div>
   <div class='ocr_carea' id='block_1_13' title="bbox 883 2135 1691 2210">
    <p class='ocr_par' dir='ltr' id='par_1_16' title="bbox 883 2135 1691 2210">
     <span class='ocr_line' id='line_1_64' title="bbox 883 2135 1691 2210; baseline 0 -29"><span class='ocrx_word' id='word_1_243' title='bbox 883 2135 1310 2192; x_wconf 74' lang='lat' dir='ltr'><strong>:Deminusquam</strong></span> <span class='ocrx_word' id='word_1_244' title='bbox 1326 2136 1623 2193; x_wconf 74' lang='lat' dir='ltr'><strong>praeparavit</strong></span> <span class='ocrx_word' id='word_1_245' title='bbox 1686 2145 1691 2210; x_wconf 61' lang='lat' dir='ltr'><strong>f</strong></span> 
     </span>
    </p>
   </div>
   <div class='ocr_carea' id='block_1_14' title="bbox 141 2193 1427 2252">
    <p class='ocr_par' dir='ltr' id='par_1_17' title="bbox 141 2193 1427 2252">
     <span class='ocr_line' id='line_1_65' title="bbox 141 2193 1427 2252; baseline 0.001 -14"><span class='ocrx_word' id='word_1_246' title='bbox 141 2194 273 2244; x_wconf 84' lang='lat' dir='ltr'><strong>tinet,</strong></span> <span class='ocrx_word' id='word_1_247' title='bbox 291 2193 480 2240; x_wconf 84' lang='lat' dir='ltr'><strong>inferior</strong></span> <span class='ocrx_word' id='word_1_248' title='bbox 494 2194 692 2239; x_wconf 87' lang='lat' dir='ltr'><strong>exstitit:</strong></span> <span class='ocrx_word' id='word_1_249' title='bbox 707 2194 853 2252; x_wconf 82' lang='lat' dir='ltr'><strong>siqui·</strong></span> <span class='ocrx_word' id='word_1_250' title='bbox 883 2197 886 2216; x_wconf 89' lang='lat'>¹</span> <span class='ocrx_word' id='word_1_251' title='bbox 920 2195 1065 2240; x_wconf 90' lang='lat' dir='ltr'><strong>Dono</strong></span> <span class='ocrx_word' id='word_1_252' title='bbox 1085 2209 1199 2240; x_wconf 86' lang='lat' dir='ltr'><strong>suae</strong></span> <span class='ocrx_word' id='word_1_253' title='bbox 1218 2195 1398 2252; x_wconf 74' lang='lat' dir='ltr'><strong>gratiae</strong></span> <span class='ocrx_word' id='word_1_254' title='bbox 1417 2209 1427 2246; x_wconf 85' lang='lat'>;</span> 
     </span>
    </p>
   </div>
   <div class='ocr_carea' id='block_1_15' title="bbox 138 2223 886 2310">
    <p class='ocr_par' dir='ltr' id='par_1_18' title="bbox 138 2223 886 2310">
     <span class='ocr_line' id='line_1_66' title="bbox 138 2223 886 2310; baseline 0.004 -13"><span class='ocrx_word' id='word_1_255' title='bbox 138 2254 252 2298; x_wconf 76' lang='lat' dir='ltr'><strong>dem</strong></span> <span class='ocrx_word' id='word_1_256' title='bbox 274 2262 323 2297; x_wconf 76' lang='lat' dir='ltr'><strong>et</strong></span> <span class='ocrx_word' id='word_1_257' title='bbox 345 2253 421 2297; x_wconf 77' lang='lat' dir='ltr'><strong>hic</strong></span> <span class='ocrx_word' id='word_1_258' title='bbox 443 2253 682 2310; x_wconf 71' lang='lat' dir='ltr'><strong>duplicia.</strong></span> <span class='ocrx_word' id='word_1_259' title='bbox 703 2263 749 2299; x_wconf 77' lang='lat' dir='ltr'><strong>et</strong></span> <span class='ocrx_word' id='word_1_260' title='bbox 774 2255 850 2298; x_wconf 82' lang='lat' dir='ltr'><strong>ille</strong></span> <span class='ocrx_word' id='word_1_261' title='bbox 883 2223 886 2300; x_wconf 61' lang='lat' dir='ltr'><strong>l</strong></span> 
     </span>
    </p>
   </div>
   <div class='ocr_carea' id='block_1_16' title="bbox 137 2311 852 2726">
    <p class='ocr_par' dir='ltr' id='par_1_19' title="bbox 137 2311 852 2603">
     <span class='ocr_line' id='line_1_67' title="bbox 140 2311 851 2367; baseline 0.003 -12"><span class='ocrx_word' id='word_1_262' title='bbox 140 2311 354 2367; x_wconf 78' lang='lat' dir='ltr'><strong>duplicia</strong></span> <span class='ocrx_word' id='word_1_263' title='bbox 374 2312 583 2358; x_wconf 75' lang='lat' dir='ltr'><strong>lucratus</strong></span> <span class='ocrx_word' id='word_1_264' title='bbox 600 2321 673 2358; x_wconf 86' lang='lat' dir='ltr'><strong>est</strong></span> <span class='ocrx_word' id='word_1_265' title='bbox 703 2313 851 2359; x_wconf 86' lang='lat' dir='ltr'><strong>credi-</strong></span> 
     </span>
     <span class='ocr_line' id='line_1_68' title="bbox 141 2370 852 2429; baseline 0.003 -14"><span class='ocrx_word' id='word_1_266' title='bbox 141 2378 192 2415; x_wconf 87' lang='lat' dir='ltr'><strong>ta</strong></span> <span class='ocrx_word' id='word_1_267' title='bbox 213 2384 224 2422; x_wconf 72' lang='lat'><em>3</em></span> <span class='ocrx_word' id='word_1_268' title='bbox 253 2370 294 2415; x_wconf 90' lang='lat' dir='ltr'><strong>is</strong></span> <span class='ocrx_word' id='word_1_269' title='bbox 314 2383 426 2416; x_wconf 85' lang='lat' dir='ltr'><strong>vero</strong></span> <span class='ocrx_word' id='word_1_270' title='bbox 446 2371 526 2429; x_wconf 91' lang='lat' dir='ltr'><strong>qui</strong></span> <span class='ocrx_word' id='word_1_271' title='bbox 548 2385 697 2417; x_wconf 88' lang='lat' dir='ltr'><strong>unum</strong></span> <span class='ocrx_word' id='word_1_272' title='bbox 720 2371 852 2417; x_wconf 87' lang='lat' dir='ltr'><strong>acce-</strong></span> 
     </span>
     <span class='ocr_line' id='line_1_69' title="bbox 139 2429 845 2487; baseline 0.006 -15"><span class='ocrx_word' id='word_1_273' title='bbox 139 2436 289 2487; x_wconf 87' lang='lat' dir='ltr'><strong>perat,</strong></span> <span class='ocrx_word' id='word_1_274' title='bbox 304 2429 503 2486; x_wconf 88' lang='lat' dir='ltr'><strong>simplex</strong></span> <span class='ocrx_word' id='word_1_275' title='bbox 522 2430 635 2474; x_wconf 91' lang='lat' dir='ltr'><strong>illud</strong></span> <span class='ocrx_word' id='word_1_276' title='bbox 658 2430 845 2481; x_wconf 75' lang='lat' dir='ltr'><strong>ebtulit.</strong></span> 
     </span>
     <span class='ocr_line' id='line_1_70' title="bbox 137 2488 850 2545; baseline 0.004 -13"><span class='ocrx_word' id='word_1_277' title='bbox 137 2501 289 2545; x_wconf 86' lang='lat' dir='ltr'><strong>quam</strong></span> <span class='ocrx_word' id='word_1_278' title='bbox 311 2488 379 2531; x_wconf 88' lang='lat' dir='ltr'><strong>ob</strong></span> <span class='ocrx_word' id='word_1_279' title='bbox 396 2488 592 2533; x_wconf 69' lang='lat' dir='ltr'><strong>censam</strong></span> <span class='ocrx_word' id='word_1_280' title='bbox 612 2497 684 2534; x_wconf 87' lang='lat' dir='ltr'><strong>est</strong></span> <span class='ocrx_word' id='word_1_281' title='bbox 706 2489 850 2535; x_wconf 87' lang='lat' dir='ltr'><strong>etiam</strong></span> 
     </span>
     <span class='ocr_line' id='line_1_71' title="bbox 140 2546 418 2603; baseline 0 -11"><span class='ocrx_word' id='word_1_282' title='bbox 140 2546 418 2603; x_wconf 60' lang='lat' dir='ltr'><strong>castigatus.</strong></span> 
     </span>
    </p>

    <p class='ocr_par' dir='ltr' id='par_1_20' title="bbox 326 2607 849 2726">
     <span class='ocr_line' id='line_1_72' title="bbox 371 2607 620 2654; baseline 0.012 -3"><span class='ocrx_word' id='word_1_283' title='bbox 371 2607 529 2652; x_wconf 72' lang='lat' dir='ltr'><strong>Lec‘le&#39;o</strong></span> <span class='ocrx_word' id='word_1_284' title='bbox 551 2609 620 2654; x_wconf 80' lang='lat' dir='ltr'><strong>ix.</strong></span> 
     </span>
     <span class='ocr_line' id='line_1_73' title="bbox 326 2665 849 2726; baseline 0.011 -17"><span class='ocrx_word' id='word_1_285' title='bbox 326 2665 370 2709; x_wconf 92' lang='lat' dir='ltr'>U</span> <span class='ocrx_word' id='word_1_286' title='bbox 384 2666 430 2710; x_wconf 94' lang='lat' dir='ltr'>D</span> <span class='ocrx_word' id='word_1_287' title='bbox 442 2667 460 2710; x_wconf 92' lang='lat'>1</span> <span class='ocrx_word' id='word_1_288' title='bbox 473 2666 508 2712; x_wconf 89' lang='lat' dir='ltr'>S</span> <span class='ocrx_word' id='word_1_289' title='bbox 519 2667 564 2711; x_wconf 87' lang='lat' dir='ltr'><strong>T</strong></span> <span class='ocrx_word' id='word_1_290' title='bbox 580 2668 644 2713; x_wconf 86' lang='lat' dir='ltr'><strong>IS</strong></span> <span class='ocrx_word' id='word_1_291' title='bbox 735 2682 849 2726; x_wconf 88' lang='lat' dir='ltr'><strong>ergo</strong></span> 
     </span>
    </p>
   </div>
   <div class='ocr_carea' id='block_1_17' title="bbox 286 2667 302 2753">
    <p class='ocr_par' dir='ltr' id='par_1_21' title="bbox 286 2667 302 2753">
     <span class='ocr_line' id='line_1_74' title="bbox 286 2667 302 2753; baseline 0 639"><span class='ocrx_word' id='word_1_292' title='bbox 286 2667 302 2753; x_wconf 95' lang='lat' dir='ltr'><strong> </strong></span> 
     </span>
    </p>
   </div>
   <div class='ocr_carea' id='block_1_18' title="bbox 132 2683 851 2962">
    <p class='ocr_par' dir='ltr' id='par_1_22' title="bbox 132 2683 851 2962">
     <span class='ocr_line' id='line_1_75' title="bbox 166 2683 286 2814; baseline -0.008 -104"><span class='ocrx_word' id='word_1_293' title='bbox 166 2683 286 2814; x_wconf 31' lang='grc' dir='ltr'><strong>’,ῖς-,ι’</strong></span> 
     </span>
     <span class='ocr_line' id='line_1_76' title="bbox 132 2843 851 2903; baseline 0.004 -16"><span class='ocrx_word' id='word_1_294' title='bbox 132 2857 194 2888; x_wconf 81' lang='lat' dir='ltr'><strong>ex</strong></span> <span class='ocrx_word' id='word_1_295' title='bbox 211 2843 463 2889; x_wconf 89' lang='lat' dir='ltr'><strong>dominicis</strong></span> <span class='ocrx_word' id='word_1_296' title='bbox 480 2843 691 2901; x_wconf 80' lang='lat' dir='ltr'><strong>pecuniis</strong></span> <span class='ocrx_word' id='word_1_297' title='bbox 708 2858 851 2903; x_wconf 85' lang='lat' dir='ltr'><strong>nego-</strong></span> 
     </span>
     <span class='ocr_line' id='line_1_77' title="bbox 142 2901 851 2962; baseline 0.003 -13"><span class='ocrx_word' id='word_1_298' title='bbox 142 2902 245 2949; x_wconf 73' lang='lat' dir='ltr'><strong>tiati</strong></span> <span class='ocrx_word' id='word_1_299' title='bbox 256 2915 352 2948; x_wconf 87' lang='lat' dir='ltr'><strong>non</strong></span> <span class='ocrx_word' id='word_1_300' title='bbox 369 2901 552 2950; x_wconf 77' lang='lat' dir='ltr'><strong>fuerint.</strong></span> <span class='ocrx_word' id='word_1_301' title='bbox 571 2904 699 2962; x_wconf 80' lang='lat' dir='ltr'><strong>Ergo</strong></span> <span class='ocrx_word' id='word_1_302' title='bbox 714 2912 760 2951; x_wconf 89' lang='lat' dir='ltr'><strong>et</strong></span> <span class='ocrx_word' id='word_1_303' title='bbox 774 2919 851 2951; x_wconf 89' lang='lat' dir='ltr'><strong>cu·</strong></span> 
     </span>
    </p>
   </div>
   <div class='ocr_carea' id='block_1_19' title="bbox 135 2667 212 2830">
    <p class='ocr_par' dir='ltr' id='par_1_23' title="bbox 135 2667 212 2830">
     <span class='ocr_line' id='line_1_78' title="bbox 135 2667 212 2830; baseline -0.234 0"><span class='ocrx_word' id='word_1_304' title='bbox 135 2667 157 2830; x_wconf 95' lang='lat' dir='ltr'><strong> </strong></span> <span class='ocrx_word' id='word_1_305' title='bbox 207 2667 212 2812; x_wconf 95' lang='lat' dir='ltr'><strong> </strong></span> 
     </span>
    </p>
   </div>
   <div class='ocr_carea' id='block_1_20' title="bbox 159 3001 388 3009">
    <p class='ocr_par' dir='ltr' id='par_1_24' title="bbox 159 3001 388 3009">
     <span class='ocr_line' id='line_1_79' title="bbox 159 3001 388 3009; baseline 0 383"><span class='ocrx_word' id='word_1_306' title='bbox 159 3001 388 3009; x_wconf 95' lang='lat' dir='ltr'><strong> </strong></span> 
     </span>
    </p>
   </div>
   <div class='ocr_carea' id='block_1_21' title="bbox 882 2333 887 2532">
    <p class='ocr_par' dir='ltr' id='par_1_25' title="bbox 882 2333 887 2532">
     <span class='ocr_line' id='line_1_80' title="bbox 882 2333 887 2532; baseline 0 0"><span class='ocrx_word' id='word_1_307' title='bbox 882 2333 887 2532; x_wconf 95' lang='lat' dir='ltr'><strong> </strong></span> 
     </span>
    </p>
   </div>
   <div class='ocr_carea' id='block_1_22' title="bbox 882 2536 887 2678">
    <p class='ocr_par' dir='ltr' id='par_1_26' title="bbox 882 2536 887 2678">
     <span class='ocr_line' id='line_1_81' title="bbox 882 2536 887 2678; baseline 0 714"><span class='ocrx_word' id='word_1_308' title='bbox 882 2536 887 2678; x_wconf 95' lang='lat' dir='ltr'><strong> </strong></span> 
     </span>
    </p>
   </div>
   <div class='ocr_carea' id='block_1_23' title="bbox 218 2729 855 2844">
    <p class='ocr_par' dir='ltr' id='par_1_27' title="bbox 218 2729 855 2844">
     <span class='ocr_line' id='line_1_82' title="bbox 337 2729 852 2782; baseline 0.01 -12"><span class='ocrx_word' id='word_1_309' title='bbox 337 2733 568 2782; x_wconf 87' lang='lat' dir='ltr'><strong>quantum</strong></span> <span class='ocrx_word' id='word_1_310' title='bbox 615 2729 718 2774; x_wconf 88' lang='lat' dir='ltr'><strong>illos</strong></span> <span class='ocrx_word' id='word_1_311' title='bbox 752 2730 852 2774; x_wconf 71' lang='lat' dir='ltr'><strong>mit·</strong></span> 
     </span>
     <span class='ocr_line' id='line_1_83' title="bbox 218 2783 855 2844; baseline 0.011 -19"><span class='ocrx_word' id='word_1_312' title='bbox 218 2783 276 2825; x_wconf 58' lang='lat' dir='ltr'><strong>{ss</strong></span> <span class='ocrx_word' id='word_1_313' title='bbox 335 2793 445 2830; x_wconf 85' lang='lat' dir='ltr'><strong>neat</strong></span> <span class='ocrx_word' id='word_1_314' title='bbox 467 2787 751 2844; x_wconf 82' lang='lat' dir='ltr'><strong>supplicium</strong></span> <span class='ocrx_word' id='word_1_315' title='bbox 773 2790 855 2844; x_wconf 89' lang='lat' dir='ltr'><strong>qui</strong></span> 
     </span>
    </p>
   </div>
   <div class='ocr_carea' id='block_1_24' title="bbox 882 2681 890 2967">
    <p class='ocr_par' dir='ltr' id='par_1_28' title="bbox 882 2681 890 2967">
     <span class='ocr_line' id='line_1_84' title="bbox 882 2681 890 2967; baseline 0 425"><span class='ocrx_word' id='word_1_316' title='bbox 882 2681 890 2967; x_wconf 95' lang='lat' dir='ltr'><strong> </strong></span> 
     </span>
    </p>
   </div>
   <div class='ocr_carea' id='block_1_25' title="bbox 915 2253 1627 2902">
    <p class='ocr_par' dir='ltr' id='par_1_29' title="bbox 918 2253 1535 2371">
     <span class='ocr_line' id='line_1_85' title="bbox 920 2253 1535 2311; baseline 0.002 -13"><span class='ocrx_word' id='word_1_317' title='bbox 920 2254 1157 2311; x_wconf 73' lang='lat' dir='ltr'><strong>Pepulum</strong></span> <span class='ocrx_word' id='word_1_318' title='bbox 1179 2256 1246 2299; x_wconf 89' lang='lat' dir='ltr'><strong>sic</strong></span> <span class='ocrx_word' id='word_1_319' title='bbox 1269 2253 1535 2299; x_wconf 76' lang='lat' dir='ltr'><strong>informavit</strong></span> 
     </span>
     <span class='ocr_line' id='line_1_86' title="bbox 918 2313 1372 2371; baseline 0 -14"><span class='ocrx_word' id='word_1_320' title='bbox 918 2313 1079 2358; x_wconf 88' lang='lat' dir='ltr'><strong>Verbo</strong></span> <span class='ocrx_word' id='word_1_321' title='bbox 1099 2313 1372 2371; x_wconf 75' lang='lat' dir='ltr'><strong>sapientiae.</strong></span> 
     </span>
    </p>

    <p class='ocr_par' dir='ltr' id='par_1_30' title="bbox 915 2371 1597 2724">
     <span class='ocr_line' id='line_1_87' title="bbox 979 2371 1597 2429; baseline 0 -13"><span class='ocrx_word' id='word_1_322' title='bbox 979 2373 1190 2429; x_wconf 88' lang='lat' dir='ltr'><strong>Magnus</strong></span> <span class='ocrx_word' id='word_1_323' title='bbox 1216 2372 1304 2416; x_wconf 87' lang='lat' dir='ltr'><strong>suit</strong></span> <span class='ocrx_word' id='word_1_324' title='bbox 1325 2371 1597 2416; x_wconf 67' lang='lat' dir='ltr'><strong>consoletor</strong></span> 
     </span>
     <span class='ocr_line' id='line_1_88' title="bbox 922 2429 1546 2487; baseline -0.003 -11"><span class='ocrx_word' id='word_1_325' title='bbox 922 2432 1111 2476; x_wconf 89' lang='lat' dir='ltr'><strong>Horum</strong></span> <span class='ocrx_word' id='word_1_326' title='bbox 1135 2432 1305 2487; x_wconf 88' lang='lat' dir='ltr'><strong>quibus</strong></span> <span class='ocrx_word' id='word_1_327' title='bbox 1325 2429 1546 2487; x_wconf 80' lang='lat' dir='ltr'><strong>praefuit.</strong></span> 
     </span>
     <span class='ocr_line' id='line_1_89' title="bbox 917 2489 1578 2546; baseline -0.006 -10"><span class='ocrx_word' id='word_1_328' title='bbox 917 2491 1266 2546; x_wconf 75' lang='lat' dir='ltr'><strong>oppressorum</strong></span> <span class='ocrx_word' id='word_1_329' title='bbox 1290 2489 1578 2541; x_wconf 73' lang='lat' dir='ltr'><strong>sublevator,</strong></span> 
     </span>
     <span class='ocr_line' id='line_1_90' title="bbox 926 2548 1480 2606; baseline -0.007 -11"><span class='ocrx_word' id='word_1_330' title='bbox 926 2551 1021 2595; x_wconf 83' lang='lat' dir='ltr'><strong>iliis</strong></span> <span class='ocrx_word' id='word_1_331' title='bbox 1043 2562 1288 2606; x_wconf 86' lang='lat' dir='ltr'><strong>nunquam</strong></span> <span class='ocrx_word' id='word_1_332' title='bbox 1311 2548 1480 2597; x_wconf 80' lang='lat' dir='ltr'><strong>defuit,</strong></span> 
     </span>
     <span class='ocr_line' id='line_1_91' title="bbox 923 2608 1500 2658; baseline 0 -7"><span class='ocrx_word' id='word_1_333' title='bbox 923 2609 1223 2655; x_wconf 78' lang='lat' dir='ltr'><strong>infirmorum</strong></span> <span class='ocrx_word' id='word_1_334' title='bbox 1263 2608 1500 2658; x_wconf 78' lang='lat' dir='ltr'><strong>visitator,</strong></span> 
     </span>
     <span class='ocr_line' id='line_1_92' title="bbox 915 2666 1499 2724; baseline -0.003 -12"><span class='ocrx_word' id='word_1_335' title='bbox 915 2669 1105 2724; x_wconf 88' lang='lat' dir='ltr'><strong>Quibus</strong></span> <span class='ocrx_word' id='word_1_336' title='bbox 1127 2680 1314 2723; x_wconf 89' lang='lat' dir='ltr'><strong>semper</strong></span> <span class='ocrx_word' id='word_1_337' title='bbox 1336 2666 1499 2711; x_wconf 76' lang='lat' dir='ltr'><strong>adsuit.</strong></span> 
     </span>
    </p>

    <p class='ocr_par' dir='ltr' id='par_1_31' title="bbox 917 2726 1627 2902">
     <span class='ocr_line' id='line_1_93' title="bbox 974 2726 1620 2777; baseline -0.003 -5"><span class='ocrx_word' id='word_1_338' title='bbox 974 2727 1021 2772; x_wconf 88' lang='lat' dir='ltr'>O</span> <span class='ocrx_word' id='word_1_339' title='bbox 1046 2726 1274 2776; x_wconf 88' lang='lat' dir='ltr'><strong>Huberte,</strong></span> <span class='ocrx_word' id='word_1_340' title='bbox 1306 2726 1472 2770; x_wconf 87' lang='lat' dir='ltr'><strong>Pastor</strong></span> <span class='ocrx_word' id='word_1_341' title='bbox 1494 2739 1620 2777; x_wconf 83' lang='lat' dir='ltr'><strong>vere,</strong></span> 
     </span>
     <span class='ocr_line' id='line_1_94' title="bbox 919 2785 1444 2841; baseline -0.006 -10"><span class='ocrx_word' id='word_1_342' title='bbox 919 2788 1112 2831; x_wconf 89' lang='lat' dir='ltr'><strong>Morum</strong></span> <span class='ocrx_word' id='word_1_343' title='bbox 1135 2785 1240 2829; x_wconf 84' lang='lat' dir='ltr'><strong>viva</strong></span> <span class='ocrx_word' id='word_1_344' title='bbox 1260 2785 1444 2841; x_wconf 85' lang='lat' dir='ltr'><strong>regula,</strong></span> 
     </span>
     <span class='ocr_line' id='line_1_95' title="bbox 917 2843 1627 2902; baseline -0.006 -12"><span class='ocrx_word' id='word_1_345' title='bbox 917 2847 1073 2902; x_wconf 88' lang='lat' dir='ltr'><strong>Quem</strong></span> <span class='ocrx_word' id='word_1_346' title='bbox 1092 2880 1102 2896; x_wconf 92' lang='lat'><em>,</em></span> <span class='ocrx_word' id='word_1_347' title='bbox 1165 2843 1375 2890; x_wconf 63' lang='lat' dir='ltr'><strong>donente</strong></span> <span class='ocrx_word' id='word_1_348' title='bbox 1438 2856 1627 2889; x_wconf 88' lang='lat' dir='ltr'><strong>summo</strong></span> 
     </span>
    </p>
   </div>
   <div class='ocr_carea' id='block_1_26' title="bbox 1011 2905 1165 2962">
    <p class='ocr_par' dir='ltr' id='par_1_32' title="bbox 1011 2905 1165 2962">
     <span class='ocr_line' id='line_1_96' title="bbox 1011 2905 1165 2962; baseline 0 -13"><span class='ocrx_word' id='word_1_349' title='bbox 1011 2905 1143 2962; x_wconf 85' lang='lat' dir='ltr'><strong>Rege</strong></span> <span class='ocrx_word' id='word_1_350' title='bbox 1152 2938 1165 2958; x_wconf 83' lang='grc'><em>,</em></span> 
     </span>
    </p>
   </div>
  </div>
 </body>
</html>
