2050 3392
349 259 458 315 Die
483 273 555 328 23(
578 259 740 330 Sept,
770 262 830 314 B.
862 261 948 316 M.
989 261 1044 315 V.
1073 261 1141 314 de
1164 260 1429 315 Alercede.
1509 272 1618 329 423

193 403 257 445 In
279 400 420 445 tertio
445 400 707 452 Nocturna
747 402 851 447 Ho-

123 463 270 507 milia
305 462 352 505 S.
383 461 594 518 Gregorii
622 462 778 520 Papae
802 464 849 507 in

129 522 458 579 Evangelium
487 515 560 567 :Si
588 515 693 574 quis
723 517 848 563 venit

133 577 204 623 ad
228 589 322 630 me,
347 582 408 625 de
431 580 686 644 Communi
708 582 850 627 unius

135 641 384 700 Martyris.
416 648 566 682 xxxv.

138 728 238 773 Pro
265 725 436 773 saneta
456 725 636 771 Thecla
657 726 851 786 Virgine

350 796 395 832 et
419 787 640 844 Martyre.

375 861 541 909 Lecstio
563 862 620 907 ix.

386 934 432 979 H
439 933 610 979 ECLA
627 933 770 992 virgo,
793 947 851 978 ex

413 1055 539 1100 tibus
558 1054 705 1100 Iconii
720 1062 843 1105 nata,

412 1128 443 1160 a
469 1113 618 1159 Paulo
645 1113 852 1171 Aposto-

375 1174 604 1232 raeceptis
619 1173 844 1225 instituta,

143 1236 279 1280 miris
331 1234 604 1281 sanetdmm
659 1234 851 1279 Patrum

143 1295 369 1341 lAudibus
390 1294 661 1339 celebratur.
715 1293 851 1349 Quae

67 1386 68 1407 i
145 1355 385 1401 decimum
422 1353 643 1399 octamm
671 1367 850 1399 annum

142 1429 310 1474 agens,
358 1413 634 1459 Thamiride
674 1428 851 1472 sponso

142 1474 327 1526 relic‘to,
354 1488 464 1519 cum
484 1487 590 1518 eam
611 1474 843 1531 parentes,

142 1535 280 1594 quod
304 1533 573 1580 Christiana
603 1540 739 1585 esset,
774 1547 851 1578 ac-

142 1593 392 1640 cusassent
433 1608 443 1638 ε
494 1593 540 1638 in
603 1593 849 1639 ardentem

142 1667 330 1713 rogum,
354 1654 449 1712 qui,
469 1653 558 1698 nisi
574 1653 765 1699 Christo
780 1667 850 1699 re—

144 1714 396 1764 nuntiaret,
434 1714 474 1758 ei
506 1713 701 1771 paratus
731 1722 842 1764 erat,

141 1775 275 1834 psius
312 1775 447 1831 signo
483 1774 633 1818 crucis
667 1773 851 1819 armata

142 1835 355 1892 seipsam
388 1833 557 1891 injecit.
613 1834 709 1878 Sed
741 1833 851 1889 igne

141 1894 318 1953 pluvia,
339 1906 463 1951 quae
479 1893 672 1950 repente
686 1893 849 1938 exerta

143 1960 230 2005 est,
277 1952 501 2004 extincto,
542 1952 848 1998 Antiochiam

144 2014 302 2059 venit:
331 2013 412 2058 ubi
435 2012 542 2058 feris
569 2010 769 2070 objecta.
802 2020 848 2057 et

145 2074 295 2121 tauris
335 2074 384 2117 in
424 2072 607 2118 diversa
646 2072 850 2117 incitatis

142 2133 347 2192 alligata,
389 2146 502 2177 mox
541 2132 760 2191 conjecta
798 2133 846 2177 in

143 2196 323 2240 fossam
332 2194 522 2251 plenam
538 2192 843 2250 serpentibus,

142 2268 210 2301 ex
252 2253 473 2299 omnibus
506 2252 624 2315 Jesu
675 2252 846 2297 Christi

139 2313 299 2373 gratia
318 2312 553 2358 liberatur.
607 2312 758 2370 Cujus
776 2325 849 2356 ar-

141 2373 261 2419 dore
270 2372 396 2425 fidei,
412 2380 461 2417 et
470 2372 591 2417 vitae
599 2371 849 2417 sanctitate

140 2433 280 2480 multi
295 2433 358 2477 ad
375 2432 617 2477 Christum
634 2430 845 2477 conversi

143 2501 267 2539 sunt.
347 2492 524 2537 Iterum
556 2491 602 2535 in
645 2491 847 2548 patriam

141 2553 340 2603 rediens,
388 2552 437 2596 in
484 2558 698 2596 montem
747 2551 849 2596 sola

141 2612 333 2658 secessit
355 2626 365 2657 :
387 2610 561 2656 deinde
580 2610 742 2656 multis
761 2610 849 2655 vir·

138 2671 323 2718 tutibus
364 2679 411 2717 et
453 2669 690 2715 mirAculis
737 2670 848 2715 insl-

143 2733 262 2790 gnis,
289 2729 611 2789 nonagenaria
632 2729 847 2788 migravit

834 1020 853 1028 -
912 996 1151 1043 benedixit
1173 1005 1220 1042 te

977 403 1030 447 In
1047 403 1293 449 Laudibus
1309 418 1394 459 pro
1407 405 1630 452 Comme-

921 466 1184 512 moratione
1195 466 1241 512 S.
1261 466 1485 521 Theclae,
1499 468 1619 515 Asia.

911 517 1075 563 Simile
1116 527 1188 564 est
1223 531 1422 576 regnum
1460 517 1619 564 coeld-

913 592 1013 623 rum
1085 579 1263 624 homini
1334 578 1618 636 negotiatori

912 638 1154 696 quaerenti
1198 640 1351 683 bonas
1393 638 1620 696 margari-

912 706 985 744 tas
1012 712 1023 744 ε
1047 699 1234 743 inventa
1263 711 1361 743 una
1391 698 1611 756 pretidsa„

913 759 1044 804 dedit
1067 759 1229 805 omnia
1243 771 1341 809 sua,
1362 767 1409 804 et
1423 772 1619 818 compa-

913 817 1030 863 ravit
1052 832 1173 864 eam.

975 880 1038 940 IV„
1072 876 1258 923 Diffusa
1286 885 1356 922 est
1387 876 1541 935 gratia
1568 878 1617 924 in

915 936 1048 983 labiis
1088 938 1195 984 tuis.
1310 979 1318 989 ,
1363 937 1619 995 Propterea

1288 1009 1374 1042 eus
1394 997 1441 1041 in
1470 997 1618 1043 aeter-

913 1070 1042 1102 num.

974 1119 1156 1166 Oratio.
1195 1116 1273 1162 Da
1306 1129 1609 1175 quaesumus,

914 1189 965 1226 ut
989 1195 1146 1239 supra.
1165 1190 1267 1233 421.

915 1335 1032 1382 DIE
1045 1333 1223 1381 XXIV.
1239 1333 1611 1383 SEPTEMBR.

915 1411 972 1457 In
995 1409 1116 1460 festo
1135 1410 1186 1456 Β.
1211 1409 1395 1457 Mariae
1414 1408 1622 1472 Virginis

1103 1473 1164 1517 de
1186 1472 1423 1519 Mercede.

1163 1532 1366 1589 Duplex.

1068 1612 1143 1646 An
1174 1604 1453 1646 VESPERAS.

970 1683 1096 1728 Asia.
1108 1666 1237 1724 Dum
1247 1685 1369 1723 esset
1383 1677 1498 1730 Rex,
1510 1696 1620 1730 eum

913 1743 1106 1799 reliquis
1128 1739 1246 1787 Afiis
1268 1748 1313 1787 et
1329 1740 1539 1798 Psalmis,
1568 1755 1619 1792 ut

916 1803 962 1848 in
1005 1803 1136 1847 sestis
1178 1802 1230 1847 B.
1271 1803 1341 1848 M.
1377 1803 1433 1851 V,
1474 1795 1610 1843 clviii.

914 1870 1101 1922 praeter
1121 1863 1377 1921 sequentia.

1179 1938 1357 1989 Oratio.
1396 1991 1410 1996 ,,

1063 2010 1206 2062 EUS,
1229 2011 1311 2069 qui
1332 2024 1417 2069 per
1441 2010 1616 2069 glorio-

1078 2071 1312 2116 sissimam
1322 2070 1424 2116 Fssii
1433 2071 1500 2116 tui
1512 2071 1616 2116 Ma-

912 2139 1028 2177 trem
1055 2132 1120 2177 ad
1148 2130 1416 2176 liberandos
1437 2130 1612 2176 Christi

911 2192 1072 2237 fideles
1091 2205 1122 2237 a
1141 2190 1378 2249 potestate
1399 2190 1614 2248 pagano-

911 2266 1017 2297 rum
1048 2266 1173 2297 nova
1193 2251 1454 2297 Ecclesiam
1479 2259 1613 2296 tuam

912 2312 1045 2370 prole
1070 2311 1357 2369 amplificare
1386 2310 1614 2367 dignatus

913 2386 963 2417 es
996 2386 1007 2417 :
1047 2379 1237 2429 praesta
1277 2382 1567 2428 quaesumus
1600 2382 1612 2421 ς

912 2440 964 2477 ut
1014 2444 1160 2489 quam
1205 2430 1284 2488 pie
1333 2428 1615 2473 venerAmur

913 2492 1033 2537 tanti
1065 2491 1220 2549 &peris
1256 2488 1608 2540 Institutricem,

912 2550 1208 2656 {Lssssisssssstff
1224 2548 1614 2666 ’ἒέἒξξξῖῑῖἐὲξὲῗ

911 2672 1015 2721 bus,
1022 2677 1070 2715 et
1083 2667 1354 2727 captivitate
1367 2666 1614 2712 daemonis

912 2728 1177 2775 liberemur.
1256 2728 1343 2772 Per
1391 2725 1614 2773 eumdem

146 2793 209 2837 ad
230 2792 505 2841 Dominum,
532 2803 588 2834 ac
609 2788 849 2860 Seleuciae
915 2789 1190 2835 deinum.

149 2851 332 2910 sepulta
352 2859 437 2898 est.

971 2847 1159 2898 Deinde
1200 2849 1249 2898 fit
1290 2849 1613 2901 Commemor.

151 2933 154 2934 ⁷
209 2912 278 2959 Te
298 2912 457 2958 Deum
476 2908 831 2963 laudaturisiz
913 2912 958 2960 S.
982 2914 1099 2967 Lini,
1126 2915 1284 2983 Papae
1304 2923 1349 2961 et
1372 2915 1608 2975 Martyris,
