<?xml version="1.0" encoding="UTF-8"?>
<!DOCTYPE html PUBLIC "-//W3C//DTD XHTML 1.0 Transitional//EN"
    "http://www.w3.org/TR/xhtml1/DTD/xhtml1-transitional.dtd">
<html xmlns="http://www.w3.org/1999/xhtml" xml:lang="en" lang="en">
 <head>
  <title>
</title>
<meta http-equiv="Content-Type" content="text/html;charset=utf-8" />
  <meta name='ocr-system' content='tesseract 3.04.00' />
  <meta name='ocr-capabilities' content='ocr_page ocr_carea ocr_par ocr_line ocrx_word'/>
</head>
<body>
  <div class='ocr_page' id='page_1' title='image "./breviariumroman03churgoog/breviariumroman03churgoog_0235.png"; bbox 0 0 2050 3392; ppageno 0'>
   <div class='ocr_carea' id='block_1_1' title="bbox 388 256 487 308">
    <p class='ocr_par' dir='ltr' id='par_1_1' title="bbox 388 256 487 308">
     <span class='ocr_line' id='line_1_1' title="bbox 388 256 487 308; baseline 0.02 -12"><span class='ocrx_word' id='word_1_1' title='bbox 388 256 487 308; x_wconf 90' lang='lat'>124</span> 
     </span>
    </p>
   </div>
   <div class='ocr_carea' id='block_1_2' title="bbox 739 242 1479 297">
    <p class='ocr_par' dir='ltr' id='par_1_2' title="bbox 739 242 1479 297">
     <span class='ocr_line' id='line_1_2' title="bbox 739 242 1479 297; baseline -0.003 0"><span class='ocrx_word' id='word_1_2' title='bbox 739 243 981 297; x_wconf 81' lang='lat' dir='ltr'><em>Sabbata</em></span> <span class='ocrx_word' id='word_1_3' title='bbox 1004 243 1091 297; x_wconf 79' lang='lat' dir='ltr'>acl</span> <span class='ocrx_word' id='word_1_4' title='bbox 1105 242 1479 296; x_wconf 83' lang='lat' dir='ltr'>Matutinum.</span> 
     </span>
    </p>
   </div>
   <div class='ocr_carea' id='block_1_3' title="bbox 313 366 1093 2907">
    <p class='ocr_par' dir='ltr' id='par_1_3' title="bbox 349 366 1093 545">
     <span class='ocr_line' id='line_1_3' title="bbox 349 366 1093 425; baseline -0.008 -10"><span class='ocrx_word' id='word_1_5' title='bbox 349 423 352 424; x_wconf 15' lang='lat'><em>⁷</em></span> <span class='ocrx_word' id='word_1_6' title='bbox 449 370 513 414; x_wconf 89' lang='lat' dir='ltr'>Et</span> <span class='ocrx_word' id='word_1_7' title='bbox 542 368 671 415; x_wconf 84' lang='lat' dir='ltr'>auxit</span> <span class='ocrx_word' id='word_1_8' title='bbox 700 366 933 425; x_wconf 89' lang='lat' dir='ltr'>pbpulum</span> <span class='ocrx_word' id='word_1_9' title='bbox 955 379 1093 411; x_wconf 88' lang='lat' dir='ltr'>suum</span> 
     </span>
     <span class='ocr_line' id='line_1_4' title="bbox 388 425 1093 473; baseline -0.004 0"><span class='ocrx_word' id='word_1_10' title='bbox 388 428 720 473; x_wconf 77' lang='lat' dir='ltr'>vehementer:</span> <span class='ocrx_word' id='word_1_11' title='bbox 754 426 781 451; x_wconf 69' lang='lat'>⁴*</span> <span class='ocrx_word' id='word_1_12' title='bbox 812 434 858 471; x_wconf 92' lang='lat' dir='ltr'>et</span> <span class='ocrx_word' id='word_1_13' title='bbox 891 425 1093 470; x_wconf 57' lang='lat' dir='ltr'>firmdvit</span> 
     </span>
     <span class='ocr_line' id='line_1_5' title="bbox 385 485 1029 545; baseline -0.005 -12"><span class='ocrx_word' id='word_1_14' title='bbox 385 501 496 533; x_wconf 89' lang='lat' dir='ltr'>eum</span> <span class='ocrx_word' id='word_1_15' title='bbox 517 500 659 545; x_wconf 87' lang='lat' dir='ltr'>super</span> <span class='ocrx_word' id='word_1_16' title='bbox 678 485 892 531; x_wconf 77' lang='lat' dir='ltr'>inimicos</span> <span class='ocrx_word' id='word_1_17' title='bbox 914 486 1029 543; x_wconf 89' lang='lat' dir='ltr'>ejus.</span> 
     </span>
    </p>

    <p class='ocr_par' dir='ltr' id='par_1_4' title="bbox 385 544 1093 783">
     <span class='ocr_line' id='line_1_6' title="bbox 447 544 1093 592; baseline -0.006 0"><span class='ocrx_word' id='word_1_18' title='bbox 447 547 691 592; x_wconf 81' lang='lat' dir='ltr'>Convertit</span> <span class='ocrx_word' id='word_1_19' title='bbox 724 558 806 590; x_wconf 94' lang='lat' dir='ltr'>cor</span> <span class='ocrx_word' id='word_1_20' title='bbox 840 544 1005 589; x_wconf 87' lang='lat' dir='ltr'>ebrum</span> <span class='ocrx_word' id='word_1_21' title='bbox 1040 551 1093 589; x_wconf 90' lang='lat' dir='ltr'>ut</span> 
     </span>
     <span class='ocr_line' id='line_1_7' title="bbox 385 602 1092 662; baseline -0.004 -11"><span class='ocrx_word' id='word_1_22' title='bbox 385 607 574 652; x_wconf 76' lang='lat' dir='ltr'>oditent</span> <span class='ocrx_word' id='word_1_23' title='bbox 596 605 827 662; x_wconf 85' lang='lat' dir='ltr'>pbpulum</span> <span class='ocrx_word' id='word_1_24' title='bbox 848 606 949 662; x_wconf 88' lang='lat' dir='ltr'>ejus</span> <span class='ocrx_word' id='word_1_25' title='bbox 972 618 982 648; x_wconf 71' lang='grc' dir='ltr'>ε</span> <span class='ocrx_word' id='word_1_26' title='bbox 1001 602 1028 626; x_wconf 69' lang='lat'>⁴*</span> <span class='ocrx_word' id='word_1_27' title='bbox 1045 611 1092 648; x_wconf 89' lang='lat' dir='ltr'>et</span> 
     </span>
     <span class='ocr_line' id='line_1_8' title="bbox 385 664 1090 711; baseline -0.006 0"><span class='ocrx_word' id='word_1_28' title='bbox 385 667 552 711; x_wconf 88' lang='lat' dir='ltr'>dolum</span> <span class='ocrx_word' id='word_1_29' title='bbox 591 665 796 710; x_wconf 63' lang='lat' dir='ltr'>facerent</span> <span class='ocrx_word' id='word_1_30' title='bbox 839 664 888 709; x_wconf 89' lang='lat' dir='ltr'>in</span> <span class='ocrx_word' id='word_1_31' title='bbox 930 676 1090 708; x_wconf 86' lang='lat' dir='ltr'>servos</span> 
     </span>
     <span class='ocr_line' id='line_1_9' title="bbox 385 739 501 783; baseline 0 -13"><span class='ocrx_word' id='word_1_32' title='bbox 385 739 501 783; x_wconf 73' lang='lat' dir='ltr'>ejus.</span> 
     </span>
    </p>

    <p class='ocr_par' dir='ltr' id='par_1_5' title="bbox 380 784 1091 962">
     <span class='ocr_line' id='line_1_10' title="bbox 446 784 1091 841; baseline -0.005 -12"><span class='ocrx_word' id='word_1_33' title='bbox 446 784 579 829; x_wconf 90' lang='lat' dir='ltr'>Misit</span> <span class='ocrx_word' id='word_1_34' title='bbox 595 784 800 841; x_wconf 90' lang='lat' dir='ltr'>Mbysen</span> <span class='ocrx_word' id='word_1_35' title='bbox 814 796 999 828; x_wconf 88' lang='lat' dir='ltr'>servum</span> <span class='ocrx_word' id='word_1_36' title='bbox 1014 795 1091 827; x_wconf 90' lang='lat' dir='ltr'>su·</span> 
     </span>
     <span class='ocr_line' id='line_1_11' title="bbox 382 842 1089 900; baseline -0.004 -11"><span class='ocrx_word' id='word_1_37' title='bbox 382 857 466 888; x_wconf 93' lang='lat' dir='ltr'>um</span> <span class='ocrx_word' id='word_1_38' title='bbox 486 859 497 889; x_wconf 73' lang='grc' dir='ltr'>ε</span> <span class='ocrx_word' id='word_1_39' title='bbox 520 843 546 867; x_wconf 62' lang='lat'>&#39;⁶</span> <span class='ocrx_word' id='word_1_40' title='bbox 565 845 741 894; x_wconf 86' lang='lat' dir='ltr'>Aaron,</span> <span class='ocrx_word' id='word_1_41' title='bbox 765 855 908 900; x_wconf 90' lang='lat' dir='ltr'>quem</span> <span class='ocrx_word' id='word_1_42' title='bbox 948 842 1089 899; x_wconf 75' lang='lat' dir='ltr'>elegit</span> 
     </span>
     <span class='ocr_line' id='line_1_12' title="bbox 380 903 554 962; baseline 0 -14"><span class='ocrx_word' id='word_1_43' title='bbox 380 903 554 962; x_wconf 87' lang='lat' dir='ltr'>ipsum.</span> 
     </span>
    </p>

    <p class='ocr_par' dir='ltr' id='par_1_6' title="bbox 380 959 1090 1127">
     <span class='ocr_line' id='line_1_13' title="bbox 444 959 1090 1017; baseline -0.005 -8"><span class='ocrx_word' id='word_1_44' title='bbox 444 963 607 1009; x_wconf 91' lang='lat' dir='ltr'>Pbsuit</span> <span class='ocrx_word' id='word_1_45' title='bbox 630 962 677 1006; x_wconf 90' lang='lat' dir='ltr'>in</span> <span class='ocrx_word' id='word_1_46' title='bbox 692 962 759 1006; x_wconf 88' lang='lat' dir='ltr'>eis</span> <span class='ocrx_word' id='word_1_47' title='bbox 776 962 918 1006; x_wconf 87' lang='lat' dir='ltr'>verba</span> <span class='ocrx_word' id='word_1_48' title='bbox 930 959 1090 1017; x_wconf 84' lang='lat' dir='ltr'>sigub-</span> 
     </span>
     <span class='ocr_line' id='line_1_14' title="bbox 382 1019 1089 1077; baseline -0.006 -9"><span class='ocrx_word' id='word_1_49' title='bbox 382 1036 488 1067; x_wconf 88' lang='lat' dir='ltr'>rum</span> <span class='ocrx_word' id='word_1_50' title='bbox 509 1019 752 1072; x_wconf 72' lang='lat' dir='ltr'>subrum,⁴‘</span> <span class='ocrx_word' id='word_1_51' title='bbox 774 1029 820 1066; x_wconf 91' lang='lat' dir='ltr'>et</span> <span class='ocrx_word' id='word_1_52' title='bbox 845 1019 1089 1077; x_wconf 81' lang='lat' dir='ltr'>prodigio-</span> 
     </span>
     <span class='ocr_line' id='line_1_15' title="bbox 380 1081 890 1127; baseline -0.006 0"><span class='ocrx_word' id='word_1_53' title='bbox 380 1096 486 1127; x_wconf 88' lang='lat' dir='ltr'>rum</span> <span class='ocrx_word' id='word_1_54' title='bbox 509 1083 556 1126; x_wconf 91' lang='lat' dir='ltr'>in</span> <span class='ocrx_word' id='word_1_55' title='bbox 578 1089 700 1126; x_wconf 86' lang='lat' dir='ltr'>terra</span> <span class='ocrx_word' id='word_1_56' title='bbox 721 1081 890 1125; x_wconf 88' lang='lat' dir='ltr'>Cham.</span> 
     </span>
    </p>

    <p class='ocr_par' dir='ltr' id='par_1_7' title="bbox 380 1140 1088 1306">
     <span class='ocr_line' id='line_1_16' title="bbox 444 1140 1088 1192; baseline -0.005 -6"><span class='ocrx_word' id='word_1_57' title='bbox 444 1142 575 1186; x_wconf 86' lang='lat' dir='ltr'>Misit</span> <span class='ocrx_word' id='word_1_58' title='bbox 597 1141 828 1192; x_wconf 70' lang='lat' dir='ltr'>tenebras,</span> <span class='ocrx_word' id='word_1_59' title='bbox 849 1148 894 1184; x_wconf 88' lang='lat' dir='ltr'>et</span> <span class='ocrx_word' id='word_1_60' title='bbox 918 1140 1088 1184; x_wconf 88' lang='lat' dir='ltr'>obscu-</span> 
     </span>
     <span class='ocr_line' id='line_1_17' title="bbox 380 1198 1086 1245; baseline -0.003 0"><span class='ocrx_word' id='word_1_61' title='bbox 380 1200 500 1245; x_wconf 60' lang='lat' dir='ltr'>rdvit</span> <span class='ocrx_word' id='word_1_62' title='bbox 523 1215 533 1245; x_wconf 89' lang='lat'><strong>:</strong></span> <span class='ocrx_word' id='word_1_63' title='bbox 551 1198 577 1223; x_wconf 73' lang='lat'>⁴*</span> <span class='ocrx_word' id='word_1_64' title='bbox 599 1208 645 1244; x_wconf 86' lang='lat' dir='ltr'>et</span> <span class='ocrx_word' id='word_1_65' title='bbox 677 1213 775 1243; x_wconf 87' lang='lat' dir='ltr'>non</span> <span class='ocrx_word' id='word_1_66' title='bbox 792 1198 1086 1243; x_wconf 60' lang='lat' dir='ltr'>exacerbbvit</span> 
     </span>
     <span class='ocr_line' id='line_1_18' title="bbox 381 1258 770 1306; baseline -0.008 0"><span class='ocrx_word' id='word_1_67' title='bbox 381 1258 622 1306; x_wconf 87' lang='lat' dir='ltr'>sermbnes</span> <span class='ocrx_word' id='word_1_68' title='bbox 643 1272 770 1303; x_wconf 90' lang='lat' dir='ltr'>suos.</span> 
     </span>
    </p>

    <p class='ocr_par' dir='ltr' id='par_1_8' title="bbox 382 1315 1087 1496">
     <span class='ocr_line' id='line_1_19' title="bbox 442 1315 1087 1373; baseline -0.003 -10"><span class='ocrx_word' id='word_1_69' title='bbox 442 1318 684 1363; x_wconf 75' lang='lat' dir='ltr'>Convertit</span> <span class='ocrx_word' id='word_1_70' title='bbox 727 1331 879 1373; x_wconf 88' lang='lat' dir='ltr'>aquas</span> <span class='ocrx_word' id='word_1_71' title='bbox 920 1315 1087 1362; x_wconf 90' lang='lat' dir='ltr'>ebrum</span> 
     </span>
     <span class='ocr_line' id='line_1_20' title="bbox 382 1375 1087 1434; baseline -0.003 -11"><span class='ocrx_word' id='word_1_72' title='bbox 382 1378 432 1423; x_wconf 88' lang='lat' dir='ltr'>in</span> <span class='ocrx_word' id='word_1_73' title='bbox 454 1377 732 1434; x_wconf 62' lang='lat' dir='ltr'>sanguinem</span> <span class='ocrx_word' id='word_1_74' title='bbox 757 1391 767 1421; x_wconf 92' lang='grc'>;</span> <span class='ocrx_word' id='word_1_75' title='bbox 786 1375 812 1399; x_wconf 64' lang='lat'>&#39;⁶</span> <span class='ocrx_word' id='word_1_76' title='bbox 833 1385 881 1421; x_wconf 92' lang='lat' dir='ltr'>et</span> <span class='ocrx_word' id='word_1_77' title='bbox 912 1376 1087 1421; x_wconf 79' lang='lat' dir='ltr'>occidit</span> 
     </span>
     <span class='ocr_line' id='line_1_21' title="bbox 382 1436 735 1496; baseline -0.006 -14"><span class='ocrx_word' id='word_1_78' title='bbox 382 1438 535 1496; x_wconf 86' lang='lat' dir='ltr'>pisces</span> <span class='ocrx_word' id='word_1_79' title='bbox 556 1436 735 1482; x_wconf 89' lang='lat' dir='ltr'>ebrum.</span> 
     </span>
    </p>

    <p class='ocr_par' dir='ltr' id='par_1_9' title="bbox 380 1494 1088 1660">
     <span class='ocr_line' id='line_1_22' title="bbox 441 1494 1088 1541; baseline -0.003 0"><span class='ocrx_word' id='word_1_80' title='bbox 441 1496 605 1541; x_wconf 88' lang='lat' dir='ltr'>Edidit</span> <span class='ocrx_word' id='word_1_81' title='bbox 615 1502 737 1540; x_wconf 88' lang='lat' dir='ltr'>terra</span> <span class='ocrx_word' id='word_1_82' title='bbox 745 1494 908 1540; x_wconf 89' lang='lat' dir='ltr'>ebrum</span> <span class='ocrx_word' id='word_1_83' title='bbox 918 1495 1088 1540; x_wconf 74' lang='lat' dir='ltr'>ranas*</span> 
     </span>
     <span class='ocr_line' id='line_1_23' title="bbox 380 1554 1088 1613; baseline 0.001 -14"><span class='ocrx_word' id='word_1_84' title='bbox 380 1556 429 1600; x_wconf 88' lang='lat' dir='ltr'>in</span> <span class='ocrx_word' id='word_1_85' title='bbox 445 1554 763 1613; x_wconf 56' lang='lat' dir='ltr'>penetralibus</span> <span class='ocrx_word' id='word_1_86' title='bbox 780 1567 944 1611; x_wconf 90' lang='lat' dir='ltr'>regum</span> <span class='ocrx_word' id='word_1_87' title='bbox 962 1554 1088 1612; x_wconf 91' lang='lat' dir='ltr'>ipsb-</span> 
     </span>
     <span class='ocr_line' id='line_1_24' title="bbox 380 1628 501 1660; baseline 0.008 -1"><span class='ocrx_word' id='word_1_88' title='bbox 380 1628 501 1660; x_wconf 87' lang='lat' dir='ltr'>rum.</span> 
     </span>
    </p>

    <p class='ocr_par' dir='ltr' id='par_1_10' title="bbox 378 1673 1089 1841">
     <span class='ocr_line' id='line_1_25' title="bbox 441 1673 1089 1727; baseline -0.002 -7"><span class='ocrx_word' id='word_1_89' title='bbox 441 1674 587 1727; x_wconf 86' lang='lat' dir='ltr'>Dixit.</span> <span class='ocrx_word' id='word_1_90' title='bbox 642 1682 690 1721; x_wconf 90' lang='lat' dir='ltr'>et</span> <span class='ocrx_word' id='word_1_91' title='bbox 742 1673 866 1720; x_wconf 89' lang='lat' dir='ltr'>venit</span> <span class='ocrx_word' id='word_1_92' title='bbox 916 1686 1089 1719; x_wconf 89' lang='lat' dir='ltr'>coeno-</span> 
     </span>
     <span class='ocr_line' id='line_1_26' title="bbox 378 1734 1088 1794; baseline -0.003 -14"><span class='ocrx_word' id='word_1_93' title='bbox 378 1735 511 1794; x_wconf 85' lang='lat' dir='ltr'>myia</span> <span class='ocrx_word' id='word_1_94' title='bbox 531 1750 541 1781; x_wconf 88' lang='lat'>:</span> <span class='ocrx_word' id='word_1_95' title='bbox 564 1736 590 1758; x_wconf 74' lang='lat'>⁴*</span> <span class='ocrx_word' id='word_1_96' title='bbox 611 1742 658 1780; x_wconf 90' lang='lat' dir='ltr'>et</span> <span class='ocrx_word' id='word_1_97' title='bbox 679 1734 843 1780; x_wconf 84' lang='lat' dir='ltr'>cinifes</span> <span class='ocrx_word' id='word_1_98' title='bbox 864 1734 914 1778; x_wconf 88' lang='lat' dir='ltr'>in</span> <span class='ocrx_word' id='word_1_99' title='bbox 934 1734 1088 1780; x_wconf 89' lang='lat' dir='ltr'>bmni-</span> 
     </span>
     <span class='ocr_line' id='line_1_27' title="bbox 380 1794 863 1841; baseline -0.006 0"><span class='ocrx_word' id='word_1_100' title='bbox 380 1797 469 1841; x_wconf 92' lang='lat' dir='ltr'>bus</span> <span class='ocrx_word' id='word_1_101' title='bbox 491 1795 664 1840; x_wconf 84' lang='lat' dir='ltr'>sinibus</span> <span class='ocrx_word' id='word_1_102' title='bbox 685 1794 863 1840; x_wconf 91' lang='lat' dir='ltr'>ebrum.</span> 
     </span>
    </p>

    <p class='ocr_par' dir='ltr' id='par_1_11' title="bbox 377 1852 1086 2029">
     <span class='ocr_line' id='line_1_28' title="bbox 441 1852 1085 1913; baseline -0.005 -13"><span class='ocrx_word' id='word_1_103' title='bbox 441 1855 607 1900; x_wconf 90' lang='lat' dir='ltr'>Pbsuit</span> <span class='ocrx_word' id='word_1_104' title='bbox 668 1854 851 1913; x_wconf 78' lang='lat' dir='ltr'>pluvias</span> <span class='ocrx_word' id='word_1_105' title='bbox 920 1852 1085 1898; x_wconf 97' lang='lat' dir='ltr'>ebrum</span> 
     </span>
     <span class='ocr_line' id='line_1_29' title="bbox 377 1912 1086 1971; baseline -0.004 -12"><span class='ocrx_word' id='word_1_106' title='bbox 377 1914 658 1971; x_wconf 56' lang='lat' dir='ltr'>grandinem</span> <span class='ocrx_word' id='word_1_107' title='bbox 678 1928 689 1959; x_wconf 70' lang='grc' dir='ltr'>ε</span> <span class='ocrx_word' id='word_1_108' title='bbox 712 1912 739 1936; x_wconf 75' lang='lat'>⁴*</span> <span class='ocrx_word' id='word_1_109' title='bbox 760 1914 922 1969; x_wconf 88' lang='lat' dir='ltr'>ignem</span> <span class='ocrx_word' id='word_1_110' title='bbox 956 1926 1086 1957; x_wconf 92' lang='lat' dir='ltr'>com-</span> 
     </span>
     <span class='ocr_line' id='line_1_30' title="bbox 378 1971 1079 2029; baseline -0.003 -11"><span class='ocrx_word' id='word_1_111' title='bbox 378 1974 626 2029; x_wconf 77' lang='lat' dir='ltr'>burentem</span> <span class='ocrx_word' id='word_1_112' title='bbox 648 1974 696 2018; x_wconf 90' lang='lat' dir='ltr'>in</span> <span class='ocrx_word' id='word_1_113' title='bbox 716 1981 840 2018; x_wconf 87' lang='lat' dir='ltr'>terra</span> <span class='ocrx_word' id='word_1_114' title='bbox 853 1971 1079 2028; x_wconf 87' lang='lat' dir='ltr'>ipsbrum.</span> 
     </span>
    </p>

    <p class='ocr_par' dir='ltr' id='par_1_12' title="bbox 377 2030 1086 2258">
     <span class='ocr_line' id='line_1_31' title="bbox 440 2030 1085 2091; baseline -0.005 -13"><span class='ocrx_word' id='word_1_115' title='bbox 440 2034 502 2078; x_wconf 83' lang='lat' dir='ltr'>Et</span> <span class='ocrx_word' id='word_1_116' title='bbox 541 2032 769 2091; x_wconf 81' lang='lat' dir='ltr'>percussit</span> <span class='ocrx_word' id='word_1_117' title='bbox 807 2031 967 2076; x_wconf 85' lang='lat' dir='ltr'>vineas</span> <span class='ocrx_word' id='word_1_118' title='bbox 1005 2030 1085 2075; x_wconf 87' lang='lat' dir='ltr'>eb·</span> 
     </span>
     <span class='ocr_line' id='line_1_32' title="bbox 377 2087 1086 2145; baseline -0.006 -7"><span class='ocrx_word' id='word_1_119' title='bbox 377 2106 497 2145; x_wconf 89' lang='lat' dir='ltr'>rum,</span> <span class='ocrx_word' id='word_1_120' title='bbox 524 2101 570 2138; x_wconf 91' lang='lat' dir='ltr'>et</span> <span class='ocrx_word' id='word_1_121' title='bbox 592 2092 815 2137; x_wconf 77' lang='lat' dir='ltr'>ficulneas</span> <span class='ocrx_word' id='word_1_122' title='bbox 836 2091 1000 2136; x_wconf 90' lang='lat' dir='ltr'>ebrum</span> <span class='ocrx_word' id='word_1_123' title='bbox 1024 2104 1035 2134; x_wconf 90' lang='lat'>:</span> <span class='ocrx_word' id='word_1_124' title='bbox 1059 2087 1086 2112; x_wconf 72' lang='lat'>⁴*</span> 
     </span>
     <span class='ocr_line' id='line_1_33' title="bbox 378 2149 1086 2208; baseline -0.007 -10"><span class='ocrx_word' id='word_1_125' title='bbox 378 2160 425 2198; x_wconf 91' lang='lat' dir='ltr'>et</span> <span class='ocrx_word' id='word_1_126' title='bbox 457 2152 672 2197; x_wconf 83' lang='lat' dir='ltr'>contrivit</span> <span class='ocrx_word' id='word_1_127' title='bbox 703 2152 887 2208; x_wconf 90' lang='lat' dir='ltr'>lignum</span> <span class='ocrx_word' id='word_1_128' title='bbox 917 2149 1086 2194; x_wconf 75' lang='lat' dir='ltr'>finium</span> 
     </span>
     <span class='ocr_line' id='line_1_34' title="bbox 377 2213 556 2258; baseline -0.017 0"><span class='ocrx_word' id='word_1_129' title='bbox 377 2213 556 2258; x_wconf 90' lang='lat' dir='ltr'>ebrum.</span> 
     </span>
    </p>

    <p class='ocr_par' dir='ltr' id='par_1_13' title="bbox 376 2267 1087 2437">
     <span class='ocr_line' id='line_1_35' title="bbox 439 2267 1085 2323; baseline -0.006 -7"><span class='ocrx_word' id='word_1_130' title='bbox 439 2273 583 2323; x_wconf 90' lang='lat' dir='ltr'>Dixit,</span> <span class='ocrx_word' id='word_1_131' title='bbox 610 2278 656 2315; x_wconf 92' lang='lat' dir='ltr'>et</span> <span class='ocrx_word' id='word_1_132' title='bbox 678 2270 803 2315; x_wconf 86' lang='lat' dir='ltr'>venit</span> <span class='ocrx_word' id='word_1_133' title='bbox 820 2267 1015 2320; x_wconf 75' lang='lat' dir='ltr'>locusta,</span> <span class='ocrx_word' id='word_1_134' title='bbox 1040 2276 1085 2313; x_wconf 89' lang='lat' dir='ltr'>et</span> 
     </span>
     <span class='ocr_line' id='line_1_36' title="bbox 376 2329 1087 2387; baseline -0.007 -10"><span class='ocrx_word' id='word_1_135' title='bbox 376 2332 596 2383; x_wconf 87' lang='lat' dir='ltr'>bruchus,</span> <span class='ocrx_word' id='word_1_136' title='bbox 625 2329 651 2353; x_wconf 42' lang='grc' dir='ltr'><strong>ὕ</strong></span> <span class='ocrx_word' id='word_1_137' title='bbox 672 2330 808 2387; x_wconf 90' lang='lat' dir='ltr'>cujus</span> <span class='ocrx_word' id='word_1_138' title='bbox 849 2341 945 2373; x_wconf 89' lang='lat' dir='ltr'>non</span> <span class='ocrx_word' id='word_1_139' title='bbox 986 2335 1087 2373; x_wconf 87' lang='lat' dir='ltr'>erat</span> 
     </span>
     <span class='ocr_line' id='line_1_37' title="bbox 377 2391 639 2437; baseline -0.004 -1"><span class='ocrx_word' id='word_1_140' title='bbox 377 2391 601 2437; x_wconf 78' lang='lat' dir='ltr'>numerus</span> <span class='ocrx_word' id='word_1_141' title='bbox 629 2404 639 2435; x_wconf 79' lang='lat' dir='ltr'>t</span> 
     </span>
    </p>

    <p class='ocr_par' dir='ltr' id='par_1_14' title="bbox 376 2446 1090 2673">
     <span class='ocr_line' id='line_1_38' title="bbox 438 2446 1084 2496; baseline -0.009 0"><span class='ocrx_word' id='word_1_142' title='bbox 438 2452 501 2496; x_wconf 91' lang='lat' dir='ltr'>Et</span> <span class='ocrx_word' id='word_1_143' title='bbox 514 2449 722 2495; x_wconf 71' lang='lat' dir='ltr'>comedit</span> <span class='ocrx_word' id='word_1_144' title='bbox 733 2461 876 2492; x_wconf 89' lang='lat' dir='ltr'>omne</span> <span class='ocrx_word' id='word_1_145' title='bbox 891 2446 1084 2491; x_wconf 86' lang='lat' dir='ltr'>foenum</span> 
     </span>
     <span class='ocr_line' id='line_1_39' title="bbox 376 2505 1086 2555; baseline -0.007 0"><span class='ocrx_word' id='word_1_146' title='bbox 376 2511 423 2555; x_wconf 91' lang='lat' dir='ltr'>in</span> <span class='ocrx_word' id='word_1_147' title='bbox 447 2518 569 2555; x_wconf 82' lang='lat' dir='ltr'>terra</span> <span class='ocrx_word' id='word_1_148' title='bbox 594 2509 778 2554; x_wconf 89' lang='lat' dir='ltr'>ebrum:</span> <span class='ocrx_word' id='word_1_149' title='bbox 803 2506 829 2529; x_wconf 72' lang='lat'>⁴*</span> <span class='ocrx_word' id='word_1_150' title='bbox 852 2514 898 2552; x_wconf 91' lang='lat' dir='ltr'>et</span> <span class='ocrx_word' id='word_1_151' title='bbox 929 2505 1086 2551; x_wconf 79' lang='lat' dir='ltr'>come-</span> 
     </span>
     <span class='ocr_line' id='line_1_40' title="bbox 377 2566 1090 2614; baseline -0.006 0"><span class='ocrx_word' id='word_1_152' title='bbox 377 2570 448 2614; x_wconf 91' lang='lat' dir='ltr'>dit</span> <span class='ocrx_word' id='word_1_153' title='bbox 480 2582 673 2614; x_wconf 89' lang='lat' dir='ltr'>omnem</span> <span class='ocrx_word' id='word_1_154' title='bbox 699 2566 907 2612; x_wconf 69' lang='lat' dir='ltr'>frubtum</span> <span class='ocrx_word' id='word_1_155' title='bbox 938 2573 1090 2611; x_wconf 87' lang='lat' dir='ltr'>terrae</span> 
     </span>
     <span class='ocr_line' id='line_1_41' title="bbox 378 2629 563 2673; baseline 0 0"><span class='ocrx_word' id='word_1_156' title='bbox 378 2629 563 2673; x_wconf 80' lang='lat' dir='ltr'>ebrum‘.</span> 
     </span>
    </p>

    <p class='ocr_par' dir='ltr' id='par_1_15' title="bbox 313 2684 1092 2907">
     <span class='ocr_line' id='line_1_42' title="bbox 439 2684 1091 2743; baseline -0.005 -13"><span class='ocrx_word' id='word_1_157' title='bbox 439 2687 501 2731; x_wconf 87' lang='lat' dir='ltr'>Et</span> <span class='ocrx_word' id='word_1_158' title='bbox 516 2684 742 2743; x_wconf 72' lang='lat' dir='ltr'>permissit</span> <span class='ocrx_word' id='word_1_159' title='bbox 757 2698 900 2730; x_wconf 88' lang='lat' dir='ltr'>omne</span> <span class='ocrx_word' id='word_1_160' title='bbox 915 2684 1091 2741; x_wconf 89' lang='lat' dir='ltr'>primo-</span> 
     </span>
     <span class='ocr_line' id='line_1_43' title="bbox 376 2741 1092 2800; baseline 0 -13"><span class='ocrx_word' id='word_1_161' title='bbox 376 2744 593 2800; x_wconf 74' lang='lat' dir='ltr'>genitum</span> <span class='ocrx_word' id='word_1_162' title='bbox 614 2746 662 2789; x_wconf 91' lang='lat' dir='ltr'>in</span> <span class='ocrx_word' id='word_1_163' title='bbox 684 2753 807 2790; x_wconf 87' lang='lat' dir='ltr'>terra</span> <span class='ocrx_word' id='word_1_164' title='bbox 826 2744 991 2789; x_wconf 89' lang='lat' dir='ltr'>ebrum</span> <span class='ocrx_word' id='word_1_165' title='bbox 1020 2757 1030 2787; x_wconf 92' lang='lat'><strong>:</strong></span> <span class='ocrx_word' id='word_1_166' title='bbox 1065 2741 1092 2766; x_wconf 72' lang='lat'>⁴*</span> 
     </span>
     <span class='ocr_line' id='line_1_44' title="bbox 313 2800 1092 2858; baseline 0.006 -14"><span class='ocrx_word' id='word_1_167' title='bbox 313 2805 320 2812; x_wconf 83' lang='lat'><em>&#39;</em></span> <span class='ocrx_word' id='word_1_168' title='bbox 378 2802 612 2858; x_wconf 80' lang='lat' dir='ltr'>primitias</span> <span class='ocrx_word' id='word_1_169' title='bbox 632 2803 789 2850; x_wconf 88' lang='lat' dir='ltr'>omnis</span> <span class='ocrx_word' id='word_1_170' title='bbox 809 2801 988 2849; x_wconf 76' lang='lat' dir='ltr'>laboris</span> <span class='ocrx_word' id='word_1_171' title='bbox 1013 2800 1092 2849; x_wconf 75' lang='grc' dir='ltr'>θό-</span> 
     </span>
     <span class='ocr_line' id='line_1_45' title="bbox 375 2873 496 2907; baseline 0.017 -2"><span class='ocrx_word' id='word_1_172' title='bbox 375 2873 496 2907; x_wconf 81' lang='lat' dir='ltr'>rum.</span> 
     </span>
    </p>
   </div>
   <div class='ocr_carea' id='block_1_4' title="bbox 1154 364 1885 1493">
    <p class='ocr_par' dir='ltr' id='par_1_16' title="bbox 1160 364 1885 532">
     <span class='ocr_line' id='line_1_46' title="bbox 1219 364 1885 426; baseline 0.008 -18"><span class='ocrx_word' id='word_1_173' title='bbox 1219 365 1281 409; x_wconf 90' lang='lat' dir='ltr'>Et</span> <span class='ocrx_word' id='word_1_174' title='bbox 1299 364 1458 409; x_wconf 80' lang='lat' dir='ltr'>eduxit</span> <span class='ocrx_word' id='word_1_175' title='bbox 1474 378 1558 409; x_wconf 92' lang='lat' dir='ltr'>eos</span> <span class='ocrx_word' id='word_1_176' title='bbox 1574 379 1689 411; x_wconf 92' lang='lat' dir='ltr'>cum</span> <span class='ocrx_word' id='word_1_177' title='bbox 1705 367 1885 426; x_wconf 72' lang='lat' dir='ltr'>argen-</span> 
     </span>
     <span class='ocr_line' id='line_1_47' title="bbox 1160 422 1885 473; baseline 0.006 -4"><span class='ocrx_word' id='word_1_178' title='bbox 1160 432 1212 469; x_wconf 92' lang='lat' dir='ltr'>to</span> <span class='ocrx_word' id='word_1_179' title='bbox 1233 433 1279 470; x_wconf 92' lang='lat' dir='ltr'>et</span> <span class='ocrx_word' id='word_1_180' title='bbox 1301 438 1442 469; x_wconf 88' lang='lat' dir='ltr'>auro:</span> <span class='ocrx_word' id='word_1_181' title='bbox 1461 422 1488 447; x_wconf 77' lang='lat'><em>*</em></span> <span class='ocrx_word' id='word_1_182' title='bbox 1509 434 1555 469; x_wconf 91' lang='lat' dir='ltr'>et</span> <span class='ocrx_word' id='word_1_183' title='bbox 1578 438 1679 470; x_wconf 89' lang='lat' dir='ltr'>non</span> <span class='ocrx_word' id='word_1_184' title='bbox 1700 435 1807 473; x_wconf 88' lang='lat' dir='ltr'>erat</span> <span class='ocrx_word' id='word_1_185' title='bbox 1831 427 1885 472; x_wconf 91' lang='lat' dir='ltr'>in</span> 
     </span>
     <span class='ocr_line' id='line_1_48' title="bbox 1160 483 1824 532; baseline 0.006 -4"><span class='ocrx_word' id='word_1_186' title='bbox 1160 484 1375 529; x_wconf 85' lang='lat' dir='ltr'>tribubus</span> <span class='ocrx_word' id='word_1_187' title='bbox 1395 483 1559 529; x_wconf 89' lang='lat' dir='ltr'>ebrum</span> <span class='ocrx_word' id='word_1_188' title='bbox 1581 484 1824 532; x_wconf 86' lang='lat' dir='ltr'>infirmus.</span> 
     </span>
    </p>

    <p class='ocr_par' dir='ltr' id='par_1_17' title="bbox 1158 543 1882 767">
     <span class='ocr_line' id='line_1_49' title="bbox 1222 543 1881 602; baseline 0.005 -15"><span class='ocrx_word' id='word_1_189' title='bbox 1222 543 1423 588; x_wconf 61' lang='lat' dir='ltr'>Laetdta</span> <span class='ocrx_word' id='word_1_190' title='bbox 1442 550 1512 589; x_wconf 87' lang='lat' dir='ltr'>est</span> <span class='ocrx_word' id='word_1_191' title='bbox 1541 544 1796 602; x_wconf 86' lang='lat' dir='ltr'>AEgyptus</span> <span class='ocrx_word' id='word_1_192' title='bbox 1829 545 1881 590; x_wconf 89' lang='lat' dir='ltr'>in</span> 
     </span>
     <span class='ocr_line' id='line_1_50' title="bbox 1160 602 1882 662; baseline 0.004 -15"><span class='ocrx_word' id='word_1_193' title='bbox 1160 602 1452 660; x_wconf 66' lang='lat' dir='ltr'>prosectibne</span> <span class='ocrx_word' id='word_1_194' title='bbox 1484 602 1651 648; x_wconf 90' lang='lat' dir='ltr'>ebrum</span> <span class='ocrx_word' id='word_1_195' title='bbox 1674 618 1685 649; x_wconf 76' lang='lat' dir='ltr'><strong><em>z</em></strong></span> <span class='ocrx_word' id='word_1_196' title='bbox 1709 603 1737 628; x_wconf 73' lang='lat'>⁴*</span> <span class='ocrx_word' id='word_1_197' title='bbox 1761 605 1882 662; x_wconf 88' lang='lat' dir='ltr'>quia</span> 
     </span>
     <span class='ocr_line' id='line_1_51' title="bbox 1160 662 1880 721; baseline 0.003 -14"><span class='ocrx_word' id='word_1_198' title='bbox 1160 662 1371 707; x_wconf 75' lang='lat' dir='ltr'>incubuit</span> <span class='ocrx_word' id='word_1_199' title='bbox 1387 663 1529 706; x_wconf 88' lang='lat' dir='ltr'>timor</span> <span class='ocrx_word' id='word_1_200' title='bbox 1546 662 1717 708; x_wconf 91' lang='lat' dir='ltr'>ebrum</span> <span class='ocrx_word' id='word_1_201' title='bbox 1730 678 1880 721; x_wconf 90' lang='lat' dir='ltr'>super</span> 
     </span>
     <span class='ocr_line' id='line_1_52' title="bbox 1158 735 1357 767; baseline -0.005 0"><span class='ocrx_word' id='word_1_202' title='bbox 1158 735 1255 767; x_wconf 90' lang='lat' dir='ltr'>eos.</span> <span class='ocrx_word' id='word_1_203' title='bbox 1354 735 1357 736; x_wconf 46' lang='lat'><em>⁷</em></span> 
     </span>
    </p>

    <p class='ocr_par' dir='ltr' id='par_1_18' title="bbox 1157 780 1877 958">
     <span class='ocr_line' id='line_1_53' title="bbox 1219 780 1877 841; baseline 0.003 -15"><span class='ocrx_word' id='word_1_204' title='bbox 1219 780 1459 839; x_wconf 64' lang='lat' dir='ltr'>Expimdit</span> <span class='ocrx_word' id='word_1_205' title='bbox 1482 782 1660 826; x_wconf 91' lang='lat' dir='ltr'>nubem</span> <span class='ocrx_word' id='word_1_206' title='bbox 1685 783 1734 827; x_wconf 88' lang='lat' dir='ltr'>in</span> <span class='ocrx_word' id='word_1_207' title='bbox 1765 796 1877 841; x_wconf 89' lang='lat' dir='ltr'>pro-</span> 
     </span>
     <span class='ocr_line' id='line_1_54' title="bbox 1157 840 1875 899; baseline 0.004 -14"><span class='ocrx_word' id='word_1_208' title='bbox 1157 841 1413 887; x_wconf 72' lang='lat' dir='ltr'>tebtibnem</span> <span class='ocrx_word' id='word_1_209' title='bbox 1427 840 1603 892; x_wconf 89' lang='lat' dir='ltr'>ebrum,</span> <span class='ocrx_word' id='word_1_210' title='bbox 1614 840 1642 865; x_wconf 73' lang='lat'>⁴*</span> <span class='ocrx_word' id='word_1_211' title='bbox 1651 849 1699 886; x_wconf 91' lang='lat' dir='ltr'>et</span> <span class='ocrx_word' id='word_1_212' title='bbox 1708 842 1875 899; x_wconf 87' lang='lat' dir='ltr'>ignem</span> 
     </span>
     <span class='ocr_line' id='line_1_55' title="bbox 1159 900 1868 958; baseline 0.006 -14"><span class='ocrx_word' id='word_1_213' title='bbox 1159 908 1209 945; x_wconf 92' lang='lat' dir='ltr'>ut</span> <span class='ocrx_word' id='word_1_214' title='bbox 1233 900 1406 945; x_wconf 74' lang='lat' dir='ltr'>luceret</span> <span class='ocrx_word' id='word_1_215' title='bbox 1438 901 1505 945; x_wconf 89' lang='lat' dir='ltr'>eis</span> <span class='ocrx_word' id='word_1_216' title='bbox 1536 914 1621 958; x_wconf 90' lang='lat' dir='ltr'>per</span> <span class='ocrx_word' id='word_1_217' title='bbox 1653 902 1868 947; x_wconf 70' lang='lat' dir='ltr'>nobtem.</span> 
     </span>
    </p>

    <p class='ocr_par' dir='ltr' id='par_1_19' title="bbox 1156 960 1875 1124">
     <span class='ocr_line' id='line_1_56' title="bbox 1217 960 1874 1012; baseline 0.002 -8"><span class='ocrx_word' id='word_1_218' title='bbox 1217 960 1470 1012; x_wconf 75' lang='lat' dir='ltr'>Petierunt.</span> <span class='ocrx_word' id='word_1_219' title='bbox 1493 967 1539 1004; x_wconf 92' lang='lat' dir='ltr'>et</span> <span class='ocrx_word' id='word_1_220' title='bbox 1562 961 1689 1004; x_wconf 89' lang='lat' dir='ltr'>venit</span> <span class='ocrx_word' id='word_1_221' title='bbox 1712 961 1874 1006; x_wconf 78' lang='lat' dir='ltr'>cotur-</span> 
     </span>
     <span class='ocr_line' id='line_1_57' title="bbox 1156 1018 1875 1088; baseline 0.004 -25"><span class='ocrx_word' id='word_1_222' title='bbox 1156 1020 1236 1088; x_wconf 77' lang='lat' dir='ltr'>nix</span> <span class='ocrx_word' id='word_1_223' title='bbox 1256 1033 1266 1064; x_wconf 91' lang='lat'>:</span> <span class='ocrx_word' id='word_1_224' title='bbox 1289 1018 1316 1043; x_wconf 71' lang='lat'>⁴*</span> <span class='ocrx_word' id='word_1_225' title='bbox 1337 1027 1385 1064; x_wconf 91' lang='lat' dir='ltr'>et</span> <span class='ocrx_word' id='word_1_226' title='bbox 1405 1033 1530 1077; x_wconf 87' lang='lat' dir='ltr'>pane</span> <span class='ocrx_word' id='word_1_227' title='bbox 1550 1020 1671 1064; x_wconf 89' lang='lat' dir='ltr'>coeli</span> <span class='ocrx_word' id='word_1_228' title='bbox 1684 1020 1875 1066; x_wconf 56' lang='lat' dir='ltr'>satura-</span> 
     </span>
     <span class='ocr_line' id='line_1_58' title="bbox 1156 1088 1338 1124; baseline 0.005 -1"><span class='ocrx_word' id='word_1_229' title='bbox 1156 1088 1219 1123; x_wconf 75' lang='lat' dir='ltr'>vit</span> <span class='ocrx_word' id='word_1_230' title='bbox 1242 1092 1338 1124; x_wconf 87' lang='lat' dir='ltr'>eos.</span> 
     </span>
    </p>

    <p class='ocr_par' dir='ltr' id='par_1_20' title="bbox 1154 1138 1874 1309">
     <span class='ocr_line' id='line_1_59' title="bbox 1215 1138 1874 1196; baseline 0.005 -13"><span class='ocrx_word' id='word_1_231' title='bbox 1215 1138 1404 1196; x_wconf 78' lang='lat' dir='ltr'>Dirupit</span> <span class='ocrx_word' id='word_1_232' title='bbox 1426 1146 1624 1196; x_wconf 85' lang='lat' dir='ltr'>petram,</span> <span class='ocrx_word' id='word_1_233' title='bbox 1653 1147 1701 1184; x_wconf 88' lang='lat' dir='ltr'>et</span> <span class='ocrx_word' id='word_1_234' title='bbox 1722 1139 1874 1186; x_wconf 70' lang='lat' dir='ltr'>fluxe-</span> 
     </span>
     <span class='ocr_line' id='line_1_60' title="bbox 1154 1197 1872 1255; baseline 0.004 -13"><span class='ocrx_word' id='word_1_235' title='bbox 1154 1205 1263 1243; x_wconf 88' lang='lat' dir='ltr'>runt</span> <span class='ocrx_word' id='word_1_236' title='bbox 1293 1211 1477 1255; x_wconf 90' lang='lat' dir='ltr'>aquae:</span> <span class='ocrx_word' id='word_1_237' title='bbox 1508 1197 1537 1221; x_wconf 72' lang='lat'>⁴*</span> <span class='ocrx_word' id='word_1_238' title='bbox 1567 1198 1789 1245; x_wconf 69' lang='lat' dir='ltr'>abierunt</span> <span class='ocrx_word' id='word_1_239' title='bbox 1820 1200 1872 1245; x_wconf 88' lang='lat' dir='ltr'>in</span> 
     </span>
     <span class='ocr_line' id='line_1_61' title="bbox 1154 1257 1516 1309; baseline -0.008 -6"><span class='ocrx_word' id='word_1_240' title='bbox 1154 1258 1280 1303; x_wconf 86' lang='lat' dir='ltr'>sicco</span> <span class='ocrx_word' id='word_1_241' title='bbox 1302 1257 1516 1309; x_wconf 73' lang='lat' dir='ltr'>flumina:</span> 
     </span>
    </p>

    <p class='ocr_par' dir='ltr' id='par_1_21' title="bbox 1154 1317 1868 1493">
     <span class='ocr_line' id='line_1_62' title="bbox 1213 1317 1868 1372; baseline 0.002 -10"><span class='ocrx_word' id='word_1_242' title='bbox 1213 1317 1408 1372; x_wconf 66' lang='lat' dir='ltr'>Qubnia</span> <span class='ocrx_word' id='word_1_243' title='bbox 1421 1331 1603 1362; x_wconf 90' lang='lat' dir='ltr'>memor</span> <span class='ocrx_word' id='word_1_244' title='bbox 1624 1318 1714 1363; x_wconf 83' lang='lat' dir='ltr'>suit</span> <span class='ocrx_word' id='word_1_245' title='bbox 1737 1318 1868 1364; x_wconf 89' lang='lat' dir='ltr'>verbi</span> 
     </span>
     <span class='ocr_line' id='line_1_63' title="bbox 1155 1375 1868 1434; baseline 0.001 -12"><span class='ocrx_word' id='word_1_246' title='bbox 1155 1375 1306 1422; x_wconf 74' lang='lat' dir='ltr'>sanbti</span> <span class='ocrx_word' id='word_1_247' title='bbox 1325 1378 1410 1429; x_wconf 87' lang='lat' dir='ltr'>sui,</span> <span class='ocrx_word' id='word_1_248' title='bbox 1420 1378 1446 1399; x_wconf 74' lang='lat'>¹*</span> <span class='ocrx_word' id='word_1_249' title='bbox 1464 1378 1598 1434; x_wconf 93' lang='lat' dir='ltr'>quod</span> <span class='ocrx_word' id='word_1_250' title='bbox 1614 1377 1787 1423; x_wconf 62' lang='lat' dir='ltr'>habuit</span> <span class='ocrx_word' id='word_1_251' title='bbox 1801 1379 1868 1423; x_wconf 88' lang='lat' dir='ltr'>ad</span> 
     </span>
     <span class='ocr_line' id='line_1_64' title="bbox 1154 1435 1801 1493; baseline 0.003 -12"><span class='ocrx_word' id='word_1_252' title='bbox 1154 1436 1399 1481; x_wconf 85' lang='lat' dir='ltr'>Abraham</span> <span class='ocrx_word' id='word_1_253' title='bbox 1420 1435 1619 1493; x_wconf 80' lang='lat' dir='ltr'>puerum</span> <span class='ocrx_word' id='word_1_254' title='bbox 1644 1450 1801 1483; x_wconf 86' lang='lat' dir='ltr'>suum.</span> 
     </span>
    </p>
   </div>
   <div class='ocr_carea' id='block_1_5' title="bbox 316 186 1945 219">
    <p class='ocr_par' dir='ltr' id='par_1_22' title="bbox 316 186 1945 219">
     <span class='ocr_line' id='line_1_65' title="bbox 316 186 1945 219; baseline 0 3173"><span class='ocrx_word' id='word_1_255' title='bbox 316 186 1945 219; x_wconf 95' lang='lat' dir='ltr'> </span> 
     </span>
    </p>
   </div>
   <div class='ocr_carea' id='block_1_6' title="bbox 1929 955 1935 1110">
    <p class='ocr_par' dir='ltr' id='par_1_23' title="bbox 1929 955 1935 1110">
     <span class='ocr_line' id='line_1_66' title="bbox 1929 955 1935 1110; baseline 0 0"><span class='ocrx_word' id='word_1_256' title='bbox 1929 955 1935 1110; x_wconf 95' lang='lat' dir='ltr'> </span> 
     </span>
    </p>
   </div>
   <div class='ocr_carea' id='block_1_7' title="bbox 1924 1319 1931 1460">
    <p class='ocr_par' dir='ltr' id='par_1_24' title="bbox 1924 1319 1931 1460">
     <span class='ocr_line' id='line_1_67' title="bbox 1924 1319 1931 1460; baseline 0 0"><span class='ocrx_word' id='word_1_257' title='bbox 1924 1319 1931 1460; x_wconf 62' lang='lat' dir='ltr'>f</span> 
     </span>
    </p>
   </div>
   <div class='ocr_carea' id='block_1_8' title="bbox 1156 1495 1927 1612">
    <p class='ocr_par' dir='ltr' id='par_1_25' title="bbox 1156 1495 1927 1612">
     <span class='ocr_line' id='line_1_68' title="bbox 1216 1495 1927 1554; baseline 0.003 -14"><span class='ocrx_word' id='word_1_258' title='bbox 1216 1496 1278 1541; x_wconf 91' lang='lat' dir='ltr'>Et</span> <span class='ocrx_word' id='word_1_259' title='bbox 1295 1495 1456 1541; x_wconf 76' lang='lat' dir='ltr'>eduxit</span> <span class='ocrx_word' id='word_1_260' title='bbox 1473 1495 1710 1553; x_wconf 87' lang='lat' dir='ltr'>pbpulum</span> <span class='ocrx_word' id='word_1_261' title='bbox 1725 1510 1866 1542; x_wconf 87' lang='lat' dir='ltr'>suum</span> <span class='ocrx_word' id='word_1_262' title='bbox 1926 1541 1927 1554; x_wconf 23' lang='lat'>¹</span> 
     </span>
     <span class='ocr_line' id='line_1_69' title="bbox 1156 1554 1927 1612; baseline 0.004 -13"><span class='ocrx_word' id='word_1_263' title='bbox 1156 1555 1203 1599; x_wconf 88' lang='lat' dir='ltr'>in</span> <span class='ocrx_word' id='word_1_264' title='bbox 1245 1554 1584 1607; x_wconf 72' lang='lat' dir='ltr'>exultatibne,*</span> <span class='ocrx_word' id='word_1_265' title='bbox 1606 1566 1655 1600; x_wconf 84' lang='lat' dir='ltr'>et</span> <span class='ocrx_word' id='word_1_266' title='bbox 1686 1556 1865 1602; x_wconf 68' lang='lat' dir='ltr'>elbbkos</span> <span class='ocrx_word' id='word_1_267' title='bbox 1924 1573 1927 1612; x_wconf 55' lang='grc' dir='ltr'>,ῑ</span> 
     </span>
    </p>
   </div>
   <div class='ocr_carea' id='block_1_9' title="bbox 1153 1614 1866 1852">
    <p class='ocr_par' dir='ltr' id='par_1_26' title="bbox 1153 1614 1556 1660">
     <span class='ocr_line' id='line_1_70' title="bbox 1153 1614 1556 1660; baseline -0.002 0"><span class='ocrx_word' id='word_1_268' title='bbox 1153 1628 1266 1660; x_wconf 89' lang='lat' dir='ltr'>suos</span> <span class='ocrx_word' id='word_1_269' title='bbox 1289 1615 1338 1659; x_wconf 91' lang='lat' dir='ltr'>in</span> <span class='ocrx_word' id='word_1_270' title='bbox 1361 1614 1556 1659; x_wconf 83' lang='lat' dir='ltr'>laetitia.</span> 
     </span>
    </p>

    <p class='ocr_par' dir='ltr' id='par_1_27' title="bbox 1154 1674 1866 1852">
     <span class='ocr_line' id='line_1_71' title="bbox 1214 1674 1865 1734; baseline 0.003 -15"><span class='ocrx_word' id='word_1_271' title='bbox 1214 1675 1275 1719; x_wconf 91' lang='lat' dir='ltr'>Et</span> <span class='ocrx_word' id='word_1_272' title='bbox 1322 1674 1456 1720; x_wconf 91' lang='lat' dir='ltr'>dedit</span> <span class='ocrx_word' id='word_1_273' title='bbox 1506 1674 1595 1719; x_wconf 89' lang='lat' dir='ltr'>illis</span> <span class='ocrx_word' id='word_1_274' title='bbox 1647 1675 1865 1734; x_wconf 87' lang='lat' dir='ltr'>regibnes</span> 
     </span>
     <span class='ocr_line' id='line_1_72' title="bbox 1154 1732 1866 1794; baseline 0.006 -16"><span class='ocrx_word' id='word_1_275' title='bbox 1154 1734 1381 1779; x_wconf 76' lang='lat' dir='ltr'>Gentium</span> <span class='ocrx_word' id='word_1_276' title='bbox 1404 1748 1414 1778; x_wconf 88' lang='lat'>:</span> <span class='ocrx_word' id='word_1_277' title='bbox 1438 1732 1465 1756; x_wconf 70' lang='lat'>⁴*</span> <span class='ocrx_word' id='word_1_278' title='bbox 1486 1742 1533 1779; x_wconf 91' lang='lat' dir='ltr'>et</span> <span class='ocrx_word' id='word_1_279' title='bbox 1564 1735 1756 1781; x_wconf 84' lang='lat' dir='ltr'>labbres</span> <span class='ocrx_word' id='word_1_280' title='bbox 1782 1750 1866 1794; x_wconf 91' lang='lat' dir='ltr'>po-</span> 
     </span>
     <span class='ocr_line' id='line_1_73' title="bbox 1154 1794 1747 1852; baseline 0.005 -14"><span class='ocrx_word' id='word_1_281' title='bbox 1154 1794 1376 1852; x_wconf 90' lang='lat' dir='ltr'>pulbrum</span> <span class='ocrx_word' id='word_1_282' title='bbox 1392 1794 1709 1851; x_wconf 74' lang='lat' dir='ltr'>possederunt</span> <span class='ocrx_word' id='word_1_283' title='bbox 1737 1810 1747 1841; x_wconf 92' lang='lat'>:</span> 
     </span>
    </p>
   </div>
   <div class='ocr_carea' id='block_1_10' title="bbox 1217 1852 1925 1912">
    <p class='ocr_par' dir='ltr' id='par_1_28' title="bbox 1217 1852 1925 1912">
     <span class='ocr_line' id='line_1_74' title="bbox 1217 1852 1925 1912; baseline 0.004 -14"><span class='ocrx_word' id='word_1_284' title='bbox 1217 1853 1288 1898; x_wconf 92' lang='lat' dir='ltr'>Ut</span> <span class='ocrx_word' id='word_1_285' title='bbox 1328 1852 1602 1898; x_wconf 87' lang='lat' dir='ltr'>eustbdiant</span> <span class='ocrx_word' id='word_1_286' title='bbox 1640 1854 1866 1912; x_wconf 60' lang='lat' dir='ltr'>justifica·</span> <span class='ocrx_word' id='word_1_287' title='bbox 1922 1866 1925 1877; x_wconf 78' lang='grc'><strong>’</strong></span> 
     </span>
    </p>
   </div>
   <div class='ocr_carea' id='block_1_11' title="bbox 1155 1910 1868 2199">
    <p class='ocr_par' dir='ltr' id='par_1_29' title="bbox 1155 1910 1865 2030">
     <span class='ocr_line' id='line_1_75' title="bbox 1155 1910 1865 1972; baseline 0.004 -14"><span class='ocrx_word' id='word_1_288' title='bbox 1155 1912 1307 1958; x_wconf 89' lang='lat' dir='ltr'>tibnes</span> <span class='ocrx_word' id='word_1_289' title='bbox 1329 1914 1444 1970; x_wconf 78' lang='lat' dir='ltr'>eJus‚</span> <span class='ocrx_word' id='word_1_290' title='bbox 1472 1910 1498 1935; x_wconf 73' lang='lat'>⁴*</span> <span class='ocrx_word' id='word_1_291' title='bbox 1520 1921 1567 1958; x_wconf 91' lang='lat' dir='ltr'>et</span> <span class='ocrx_word' id='word_1_292' title='bbox 1588 1912 1747 1971; x_wconf 83' lang='lat' dir='ltr'>legem</span> <span class='ocrx_word' id='word_1_293' title='bbox 1766 1915 1865 1972; x_wconf 87' lang='lat' dir='ltr'>ejus</span> 
     </span>
     <span class='ocr_line' id='line_1_76' title="bbox 1155 1972 1410 2030; baseline 0.004 -14"><span class='ocrx_word' id='word_1_294' title='bbox 1155 1972 1410 2030; x_wconf 80' lang='lat' dir='ltr'>requitant.</span> 
     </span>
    </p>

    <p class='ocr_par' dir='ltr' id='par_1_30' title="bbox 1159 2030 1868 2136">
     <span class='ocr_line' id='line_1_77' title="bbox 1221 2030 1868 2079; baseline 0.003 -1"><span class='ocrx_word' id='word_1_295' title='bbox 1221 2034 1338 2078; x_wconf 57' lang='lat' dir='ltr'>Ana.</span> <span class='ocrx_word' id='word_1_296' title='bbox 1364 2030 1571 2077; x_wconf 77' lang='lat' dir='ltr'>Benedic</span> <span class='ocrx_word' id='word_1_297' title='bbox 1585 2031 1751 2079; x_wconf 56' lang='lat' dir='ltr'>Anima</span> <span class='ocrx_word' id='word_1_298' title='bbox 1763 2046 1868 2079; x_wconf 66' lang='lat' dir='ltr'>moe</span> 
     </span>
     <span class='ocr_line' id='line_1_78' title="bbox 1159 2090 1384 2136; baseline 0 -1"><span class='ocrx_word' id='word_1_299' title='bbox 1159 2090 1384 2136; x_wconf 86' lang='lat' dir='ltr'>Dbmino.</span> 
     </span>
    </p>

    <p class='ocr_par' dir='ltr' id='par_1_31' title="bbox 1217 2150 1659 2199">
     <span class='ocr_line' id='line_1_79' title="bbox 1217 2150 1659 2199; baseline 0.005 -3"><span class='ocrx_word' id='word_1_300' title='bbox 1217 2152 1337 2196; x_wconf 72' lang='lat' dir='ltr'>Ana.</span> <span class='ocrx_word' id='word_1_301' title='bbox 1376 2150 1532 2197; x_wconf 74' lang='lat' dir='ltr'>Visita</span> <span class='ocrx_word' id='word_1_302' title='bbox 1555 2164 1659 2199; x_wconf 85' lang='lat' dir='ltr'>nos.</span> 
     </span>
    </p>
   </div>
   <div class='ocr_carea' id='block_1_12' title="bbox 1358 2243 1665 2289">
    <p class='ocr_par' dir='ltr' id='par_1_32' title="bbox 1358 2243 1665 2289">
     <span class='ocr_line' id='line_1_80' title="bbox 1358 2243 1665 2289; baseline 0.007 -2"><span class='ocrx_word' id='word_1_303' title='bbox 1358 2243 1574 2289; x_wconf 79' lang='lat' dir='ltr'>Psalmus</span> <span class='ocrx_word' id='word_1_304' title='bbox 1598 2257 1665 2288; x_wconf 83' lang='lat' dir='ltr'>cv.</span> 
     </span>
    </p>
   </div>
   <div class='ocr_carea' id='block_1_13' title="bbox 1921 1760 1925 1793">
    <p class='ocr_par' dir='ltr' id='par_1_33' title="bbox 1921 1760 1925 1793">
     <span class='ocr_line' id='line_1_81' title="bbox 1921 1760 1925 1793; baseline 0 0"><span class='ocrx_word' id='word_1_305' title='bbox 1921 1760 1925 1793; x_wconf 74' lang='grc' dir='ltr'><em>ἰ</em></span> 
     </span>
    </p>
   </div>
   <div class='ocr_carea' id='block_1_14' title="bbox 1920 1894 1925 1977">
    <p class='ocr_par' dir='ltr' id='par_1_34' title="bbox 1920 1894 1925 1977">
     <span class='ocr_line' id='line_1_82' title="bbox 1920 1894 1925 1977; baseline 0 0"><span class='ocrx_word' id='word_1_306' title='bbox 1920 1894 1925 1977; x_wconf 53' lang='lat'>1</span> 
     </span>
    </p>
   </div>
   <div class='ocr_carea' id='block_1_15' title="bbox 1919 2026 1925 2131">
    <p class='ocr_par' dir='ltr' id='par_1_35' title="bbox 1919 2006 1925 2131">
     <span class='ocr_line' id='line_1_83' title="bbox 1919 2026 1925 2131; baseline 0 0"><span class='ocrx_word' id='word_1_307' title='bbox 1919 2026 1925 2131; x_wconf 69' lang='grc' dir='ltr'><em>ἑ</em></span> 
     </span>
    </p>
   </div>
   <div class='ocr_carea' id='block_1_16' title="bbox 1305 2326 1919 2377">
    <p class='ocr_par' dir='ltr' id='par_1_36' title="bbox 1305 2326 1919 2377">
     <span class='ocr_line' id='line_1_84' title="bbox 1305 2326 1919 2377; baseline 0.003 -2"><span class='ocrx_word' id='word_1_308' title='bbox 1305 2327 1743 2376; x_wconf 78' lang='lat' dir='ltr'><strong>ONFITEMINI</strong></span> <span class='ocrx_word' id='word_1_309' title='bbox 1775 2329 1867 2377; x_wconf 80' lang='lat' dir='ltr'>Db·</span> <span class='ocrx_word' id='word_1_310' title='bbox 1918 2326 1919 2337; x_wconf 52' lang='lat'>¹</span> 
     </span>
    </p>
   </div>
   <div class='ocr_carea' id='block_1_17' title="bbox 1335 2389 1866 2446">
    <p class='ocr_par' dir='ltr' id='par_1_37' title="bbox 1335 2389 1866 2446">
     <span class='ocr_line' id='line_1_85' title="bbox 1335 2389 1866 2446; baseline 0.006 -13"><span class='ocrx_word' id='word_1_311' title='bbox 1335 2389 1469 2434; x_wconf 88' lang='lat' dir='ltr'>mino</span> <span class='ocrx_word' id='word_1_312' title='bbox 1510 2389 1743 2446; x_wconf 88' lang='lat' dir='ltr'>qubniam</span> <span class='ocrx_word' id='word_1_313' title='bbox 1789 2392 1866 2436; x_wconf 86' lang='lat' dir='ltr'>bo·</span> 
     </span>
    </p>
   </div>
   <div class='ocr_carea' id='block_1_18' title="bbox 1159 2445 1919 2505">
    <p class='ocr_par' dir='ltr' id='par_1_38' title="bbox 1159 2445 1919 2505">
     <span class='ocr_line' id='line_1_86' title="bbox 1159 2445 1919 2505; baseline 0.008 -14"><span class='ocrx_word' id='word_1_314' title='bbox 1159 2460 1248 2492; x_wconf 90' lang='lat' dir='ltr'>nus</span> <span class='ocrx_word' id='word_1_315' title='bbox 1276 2460 1286 2492; x_wconf 90' lang='lat'>:</span> <span class='ocrx_word' id='word_1_316' title='bbox 1310 2445 1338 2470; x_wconf 72' lang='lat'>⁴*</span> <span class='ocrx_word' id='word_1_317' title='bbox 1360 2447 1587 2505; x_wconf 88' lang='lat' dir='ltr'>qubniam</span> <span class='ocrx_word' id='word_1_318' title='bbox 1625 2449 1675 2493; x_wconf 91' lang='lat' dir='ltr'>in</span> <span class='ocrx_word' id='word_1_319' title='bbox 1711 2463 1866 2496; x_wconf 83' lang='lat' dir='ltr'>saecu·</span> <span class='ocrx_word' id='word_1_320' title='bbox 1916 2448 1919 2457; x_wconf 64' lang='lat'><strong><em>⁴</em></strong></span> 
     </span>
    </p>
   </div>
   <div class='ocr_carea' id='block_1_19' title="bbox 1158 2507 1742 2566">
    <p class='ocr_par' dir='ltr' id='par_1_39' title="bbox 1158 2507 1742 2566">
     <span class='ocr_line' id='line_1_87' title="bbox 1158 2507 1742 2566; baseline 0.005 -15"><span class='ocrx_word' id='word_1_321' title='bbox 1158 2507 1256 2551; x_wconf 88' lang='lat' dir='ltr'>lum</span> <span class='ocrx_word' id='word_1_322' title='bbox 1280 2507 1604 2553; x_wconf 88' lang='lat' dir='ltr'>misericbrdia</span> <span class='ocrx_word' id='word_1_323' title='bbox 1624 2509 1742 2566; x_wconf 77' lang='lat' dir='ltr'>eJus.</span> 
     </span>
    </p>
   </div>
   <div class='ocr_carea' id='block_1_20' title="bbox 1217 2565 1919 2627">
    <p class='ocr_par' dir='ltr' id='par_1_40' title="bbox 1217 2565 1919 2627">
     <span class='ocr_line' id='line_1_88' title="bbox 1217 2565 1919 2627; baseline 0.006 -17"><span class='ocrx_word' id='word_1_324' title='bbox 1217 2566 1337 2620; x_wconf 88' lang='lat' dir='ltr'>Quis</span> <span class='ocrx_word' id='word_1_325' title='bbox 1374 2565 1597 2624; x_wconf 77' lang='lat' dir='ltr'>loquetur</span> <span class='ocrx_word' id='word_1_326' title='bbox 1633 2568 1864 2624; x_wconf 76' lang='lat' dir='ltr'>potentias</span> <span class='ocrx_word' id='word_1_327' title='bbox 1914 2608 1919 2627; x_wconf 16' lang='grc' dir='ltr'>ψ</span> 
     </span>
    </p>
   </div>
   <div class='ocr_carea' id='block_1_21' title="bbox 1160 2624 1865 2923">
    <p class='ocr_par' dir='ltr' id='par_1_41' title="bbox 1160 2624 1864 2741">
     <span class='ocr_line' id='line_1_89' title="bbox 1162 2624 1864 2676; baseline 0.006 -7"><span class='ocrx_word' id='word_1_328' title='bbox 1162 2625 1370 2676; x_wconf 88' lang='lat' dir='ltr'>Dbmini,</span> <span class='ocrx_word' id='word_1_329' title='bbox 1411 2624 1438 2649; x_wconf 72' lang='lat'>⁴*</span> <span class='ocrx_word' id='word_1_330' title='bbox 1481 2626 1673 2672; x_wconf 81' lang='lat' dir='ltr'>auditas</span> <span class='ocrx_word' id='word_1_331' title='bbox 1731 2627 1864 2673; x_wconf 57' lang='lat' dir='ltr'>{ficiet</span> 
     </span>
     <span class='ocr_line' id='line_1_90' title="bbox 1160 2685 1675 2741; baseline 0.004 -12"><span class='ocrx_word' id='word_1_332' title='bbox 1160 2698 1325 2729; x_wconf 89' lang='lat' dir='ltr'>omnes</span> <span class='ocrx_word' id='word_1_333' title='bbox 1348 2685 1514 2730; x_wconf 85' lang='lat' dir='ltr'>laudes</span> <span class='ocrx_word' id='word_1_334' title='bbox 1536 2685 1675 2741; x_wconf 84' lang='lat' dir='ltr'>ejus?</span> 
     </span>
    </p>

    <p class='ocr_par' dir='ltr' id='par_1_42' title="bbox 1161 2742 1865 2923">
     <span class='ocr_line' id='line_1_91' title="bbox 1222 2742 1865 2804; baseline 0.003 -16"><span class='ocrx_word' id='word_1_335' title='bbox 1222 2742 1355 2788; x_wconf 60' lang='lat' dir='ltr'>Beati</span> <span class='ocrx_word' id='word_1_336' title='bbox 1390 2745 1469 2801; x_wconf 91' lang='lat' dir='ltr'>qui</span> <span class='ocrx_word' id='word_1_337' title='bbox 1502 2745 1780 2791; x_wconf 87' lang='lat' dir='ltr'>custbdiunt</span> <span class='ocrx_word' id='word_1_338' title='bbox 1796 2747 1865 2804; x_wconf 79' lang='lat' dir='ltr'>Ju-</span> 
     </span>
     <span class='ocr_line' id='line_1_92' title="bbox 1161 2799 1863 2861; baseline 0.009 -15"><span class='ocrx_word' id='word_1_339' title='bbox 1161 2801 1351 2854; x_wconf 84' lang='lat' dir='ltr'>dicium,</span> <span class='ocrx_word' id='word_1_340' title='bbox 1379 2799 1406 2825; x_wconf 72' lang='lat'>⁴*</span> <span class='ocrx_word' id='word_1_341' title='bbox 1449 2811 1496 2855; x_wconf 79' lang='lat' dir='ltr'>et</span> <span class='ocrx_word' id='word_1_342' title='bbox 1528 2802 1709 2849; x_wconf 61' lang='lat' dir='ltr'>fficium</span> <span class='ocrx_word' id='word_1_343' title='bbox 1734 2804 1863 2861; x_wconf 81' lang='lat' dir='ltr'>justi-</span> 
     </span>
     <span class='ocr_line' id='line_1_93' title="bbox 1163 2861 1758 2923; baseline 0.005 -15"><span class='ocrx_word' id='word_1_344' title='bbox 1163 2861 1279 2908; x_wconf 85' lang='lat' dir='ltr'>tiam</span> <span class='ocrx_word' id='word_1_345' title='bbox 1303 2861 1351 2906; x_wconf 88' lang='lat' dir='ltr'>in</span> <span class='ocrx_word' id='word_1_346' title='bbox 1372 2861 1504 2908; x_wconf 88' lang='lat' dir='ltr'>omni</span> <span class='ocrx_word' id='word_1_347' title='bbox 1528 2861 1758 2923; x_wconf 69' lang='lat' dir='ltr'>tempore.</span> 
     </span>
    </p>
   </div>
   <div class='ocr_carea' id='block_1_22' title="bbox 328 2983 1913 3006">
    <p class='ocr_par' dir='ltr' id='par_1_43' title="bbox 328 2983 1913 3006">
     <span class='ocr_line' id='line_1_94' title="bbox 328 2983 1913 3006; baseline 0 386"><span class='ocrx_word' id='word_1_348' title='bbox 328 2983 1913 3006; x_wconf 95' lang='lat' dir='ltr'> </span> 
     </span>
    </p>
   </div>
   <div class='ocr_carea' id='block_1_23' title="bbox 1936 207 1944 428">
    <p class='ocr_par' dir='ltr' id='par_1_44' title="bbox 1936 207 1944 428">
     <span class='ocr_line' id='line_1_95' title="bbox 1936 207 1944 428; baseline 0 2964"><span class='ocrx_word' id='word_1_349' title='bbox 1936 207 1944 428; x_wconf 95' lang='lat' dir='ltr'> </span> 
     </span>
    </p>
   </div>
   <div class='ocr_carea' id='block_1_24' title="bbox 1932 629 1939 782">
    <p class='ocr_par' dir='ltr' id='par_1_45' title="bbox 1932 629 1939 782">
     <span class='ocr_line' id='line_1_96' title="bbox 1932 629 1939 782; baseline 0 2610"><span class='ocrx_word' id='word_1_350' title='bbox 1932 629 1939 782; x_wconf 95' lang='lat' dir='ltr'> </span> 
     </span>
    </p>
   </div>
  </div>
 </body>
</html>
