2050 3392
470 239 552 286 Die
578 238 645 299 iij.
692 238 991 293 Novembris.
1014 240 1066 294 S.
1093 243 1353 293 Malachiae.
1653 234 1680 288 ’Ἰ

109 308 293 386 marn
325 333 534 385 secundo
581 331 899 397 proiecturus,
956 339 1038 398 qui
1062 339 1119 386 de
1159 337 1349 386 duobus
1382 339 1588 400 quatuor
1609 342 1696 388 si·-

105 405 213 453 ad
254 405 628 452 Claramvallem
655 405 896 452 accessit:
957 405 1058 451 mili
1098 405 1279 465 recepit
1328 405 1503 466 gaudio
1535 426 1548 454 ε
1590 421 1682 455 non

119 471 244 519 ubi
273 471 403 518 febri
427 470 902 532 correptus,i1ngitur
955 471 1266 519 considerans
1291 472 1410 519 lucri
1437 475 1682 534 magnitu-

121 540 268 586 Oleo
296 548 455 596 sacro,
478 545 524 586 et
544 547 737 597 sumpto
761 535 903 584 viati-
956 537 1139 596 dinem,
1166 537 1249 584 sed
1285 537 1435 587 studii
1458 540 1682 587 volunta-

125 618 210 652 co
242 603 454 651 fratrum
479 617 529 651 se
565 603 862 650 orationibus
886 639 898 660 ‚

131 676 204 718 et
229 669 415 718 fratres
438 669 901 729 commendansueo,

134 737 347 785 viventi
370 737 542 784 similis
562 736 764 783 moritur
779 748 902 782 anno

135 803 325 851 aetatis
348 802 745 865 quinquagesimo
764 814 902 863 quar-

145 878 226 918 to.
276 869 522 929 Sepelitur
592 871 640 917 in
698 867 903 916 oratorio

148 937 325 984 beatae
360 936 539 998 Marlae,
566 948 690 982 anno
725 934 899 983 Christi

153 1001 434 1049 millesimo
475 1002 732 1065 centesimo
778 1013 898 1063 qua-

151 1068 445 1129 dragesimo
497 1070 681 1128 octavo,
733 1073 902 1128 quarto

157 1137 336 1183 Nonas
363 1134 655 1183 Novembris.

148 1202 214 1267 1'0.
264 1202 363 1250 iste
388 1205 462 1249 est
497 1201 594 1262 qui.

270 1272 321 1316 ln
364 1270 500 1317 tortio
538 1271 794 1317 Nocturna

214 1333 384 1383 lloctio
429 1334 584 1381 sancti
612 1334 851 1396 Evangelii

237 1398 499 1448 secundum
536 1400 830 1449 Matthaeum.

260 1470 417 1515 Loutia
451 1472 536 1530 vij.
574 1467 699 1528 Cap.
725 1467 806 1516 25.

247 1542 276 1580 tt
290 1532 373 1579 illo
393 1533 903 1593 tomporeznixitlesus

170 1549 209 1650 I
249 1598 618 1658 discipulissuis
632 1601 900 1660 parabolam

172 1667 303 1714 hanc
328 1683 341 1713 ι
366 1664 516 1714 Homo
569 1668 764 1728 peregre
789 1681 902 1729 pro·

173 1733 397 1780 iiciscens
414 1734 595 1781 vocavit
611 1747 772 1782 servos
788 1748 901 1782 suos

174 1805 226 1847 et
280 1798 477 1847 tradidit
499 1800 596 1847 illis
632 1800 757 1848 bona
794 1815 900 1852 sua.

183 1866 243 1913 lit
273 1865 476 1925 reliqua.

262 1931 464 1979 Romilia
486 1932 534 1980 S.
567 1931 837 1995 Hieronymi

398 1998 681 2059 Presbyteri.

181 2066 282 2112 Lib.
309 2064 432 2112 4.1·12
470 2065 633 2112 Manli.
672 2080 778 2125 cap.
819 2066 899 2114 25.

256 2139 349 2178 otto
393 2130 483 2178 iste
536 2131 902 2192 paterfamilias,

190 2145 249 2244 H
270 2196 393 2244 haud
412 2195 610 2244 dubium
633 2198 750 2258 quin
771 2198 905 2246 chri-

186 2270 288 2310 stus
306 2262 388 2321 sit,
406 2263 490 2324 qui
509 2263 568 2310 ad
590 2264 776 2311 Patrem
799 2270 907 2325 post

182 2331 567 2377 resurrectionem
584 2330 731 2378 victor
749 2334 911 2378 ascen·

188 2396 300 2443 dens
329 2431 343 2453 ‚
399 2396 577 2443 vocatis
631 2396 872 2457 Apostolis
897 2434 908 2453 ,

195 2462 447 2510 doctrinam
470 2463 787 2523 evangelicam
810 2464 910 2511 tra·

192 2528 308 2576 didit
333 2547 344 2576 ι
381 2541 473 2575 non
502 2540 588 2588 pro
628 2529 845 2590 largitate
866 2534 913 2577 et

197 2594 416 2655 parcitate
477 2594 610 2642 alteri
677 2597 787 2655 plus
817 2631 831 2654 ,
869 2602 916 2643 et

422 2660 581 2707 minus
648 2662 863 2710 tribuens
897 2698 913 2723 ,

192 2726 271 2773 sed
304 2739 382 2786 pro
437 2726 766 2786 accipientium
829 2730 897 2775 vi-

423 2793 658 2853 quomodo
689 2800 735 2842 et
769 2796 902 2854 Apo-

198 2857 340 2905 stolus
386 2870 467 2905 eos
491 2895 507 2918 ,
560 2860 639 2920 qui
692 2859 898 2907 solidum

199 2924 344 2972 cibum
366 2926 536 2985 capere
566 2938 658 2972 non
688 2929 906 2987 poterant

203 2992 313 3038 lacte
335 2993 523 3050 potasse
545 3004 597 3038 se
618 2991 752 3042 dicit.
775 2993 914 3041 Doni-

192 2659 318 2708 alteri

195 2792 322 2839 ribus
356 2810 368 2840 z

959 609 1072 651 tem.
1099 605 1155 667 fi),
1186 604 1372 661 Amavit
1396 617 1523 653 eum.

1174 677 1331 722 Lectio
1361 676 1466 733 viij.

1023 748 1054 784 N
1083 736 1312 798 quinque,
1344 742 1390 785 et
1412 735 1620 798 dubbuS,
1644 742 1689 786 et

1038 815 1132 850 uno
1156 804 1349 861 talento,
1367 804 1442 850 vel
1470 804 1684 852 diversas

960 869 1143 930 gratias
1178 870 1504 931 intelligamus
1531 907 1545 930 ‚
1583 884 1689 932 quae

964 935 1222 996 unicuique
1246 937 1429 984 traditae
1458 942 1587 996 sunt,
1616 937 1688 984 vel

963 1002 1010 1048 in
1066 1003 1218 1062 primo
1245 1039 1259 1062 ,
1290 1015 1456 1052 omnes
1512 1016 1687 1051 sensus

961 1069 1298 1131 examinatos3
1348 1070 1394 1117 in
1454 1069 1684 1130 secundo,
1722 1094 1729 1100 ·

962 1134 1324 1196 intelligentiam
1350 1141 1395 1182 et
1432 1137 1602 1197 opera;
1641 1137 1687 1182 in

960 1200 1099 1248 tertio
1128 1240 1142 1265 ,
1170 1201 1397 1249 rationem
1428 1240 1444 1265 ,
1469 1214 1561 1262 qua
1599 1204 1686 1249 ho-

962 1267 1115 1314 mines
1143 1280 1172 1314 a
1191 1267 1360 1316 bestiis
1379 1269 1684 1328 separantur.

963 1333 1092 1381 Abiit
1119 1340 1278 1382 autem
1336 1335 1419 1395 qui
1475 1335 1688 1396 quinque

964 1399 1144 1448 talenta
1174 1403 1451 1460 acceperat:
1480 1402 1689 1461 acceptis

962 1467 1162 1513 terronis
1182 1466 1689 1527 sensibus,coelestium

964 1533 1055 1579 sibi
1079 1532 1295 1579 notitiam
1318 1532 1605 1593 duplicavit:
1636 1545 1690 1580 ex

963 1599 1195 1646 creaturis
1238 1598 1511 1659 intelligens
1546 1599 1691 1646 Crea-

968 1666 1137 1726 torem,
1163 1678 1218 1713 ex
1252 1665 1581 1727 corporalibus
1612 1666 1687 1712 in-

961 1732 1306 1791 corporalia‚ex
1329 1731 1605 1779 visibilibus
1619 1732 1689 1781 in·

969 1797 1198 1857 visibilia,
1218 1810 1272 1846 cx
1296 1797 1522 1846 brevibus
1549 1800 1687 1845 aetor-

962 1864 1298 1924 na.Similiter,
1322 1864 1404 1926 qui
1430 1865 1525 1912 duo
1559 1866 1689 1911 acco·

957 1938 1117 1991 perat,
1142 1943 1227 1991 pro
1252 1932 1438 1980 viribus
1455 1929 1688 1992 quidquid

961 1999 1008 2044 in
1034 1997 1134 2057 lege
1167 1997 1415 2057 didicerat,
1446 1998 1495 2045 in
1531 1998 1688 2045 Evan-

963 2063 1083 2124 gelio
1104 2063 1389 2123 duplicavit:
1412 2064 1511 2112 sive
1530 2063 1689 2111 scion-

966 2131 1031 2176 tia
1053 2136 1099 2177 et
1119 2133 1264 2191 opera
1287 2130 1534 2192 praesentis
1558 2130 1689 2191 vitae,

965 2195 1139 2244 futurae
1197 2196 1518 2263 ‚beatitudinis
1557 2203 1693 2256 typos

969 2262 1217 2311 intellexit.

972 2331 1027 2399 ἡ).
1059 2329 1164 2377 Sint
1193 2330 1364 2381 lumbi.

1201 2400 1354 2447 Lectio
1390 2402 1455 2449 ix.

1042 2470 1204 2509 namon
1252 2467 1439 2522 tempus
1464 2468 1535 2510 est
1569 2460 1691 2508 inter

972 2481 1037 2581 G
1059 2528 1382 2576 ascensionem
1436 2527 1692 2576 salvatoris

973 2603 1019 2644 et
1070 2594 1330 2642 secundum
1382 2594 1484 2653 ejus
1514 2594 1693 2641 advon-

976 2660 1150 2709 tum.Si
1174 2666 1331 2708 autem
1351 2659 1562 2721 Apostoli
1583 2658 1692 2706 red·

973 2726 1121 2776 dituri
1145 2735 1259 2774 sunt
1277 2727 1575 2786 rationem‚et
1603 2725 1692 2772 sub

970 2797 1098 2841 metu
1141 2791 1316 2852 jndicis
1378 2791 1635 2840 surrecturi
1673 2826 1688 2849 ,

969 2858 1086 2921 quid
1113 2870 1198 2905 nos
1220 2861 1405 2919 oportet
1422 2858 1573 2905 iecere
1597 2860 1617 2905 ἲ
1638 2857 1695 2904 Et

971 2922 1386 2985 notondum,quod
1407 2924 1695 2983 omnia‚quae

972 2993 1018 3039 in
1057 2990 1275 3052 praesenti
1313 2988 1559 3047 habemus,
1586 2989 1695 3035 licet

207 3070 292 3118 que
312 3057 617 3120 stillum,qui
632 3057 691 3106 de
703 3059 915 3121 quinque
974 3054 1695 3118 magnavideanturetplurima.

212 3121 387 3170 talentis
426 3122 583 3172 decem
633 3122 804 3173 fecerat
828 3162 841 3185 ,
870 3132 916 3174 et
975 3131 1134 3173 tamen
1171 3120 1520 3186 comparatione
1557 3120 1693 3169 futu-

1703 3271 1914 3307 ..a-
