2050 3392
360 254 478 309 viii.

710 254 801 308 De
822 252 999 307 Anno
1023 256 1080 306 et
1101 249 1224 320 ejus
1237 248 1516 321 partibus.

354 402 420 435 est
457 408 494 445 7,
531 390 600 434 cui
636 390 680 433 in
716 390 866 433 eadem
909 389 1066 431 tabella
1095 390 1104 441 J
1133 384 1616 431 Noviluniaindioebit:
1637 395 1685 428 ut
1709 384 1753 428 in
1777 385 1851 444 ja·

355 442 575 496 supposita
593 451 658 485 est
677 442 843 502 Epac'ta
860 440 930 482 vii.
954 454 1065 500 quae
1095 448 1098 491 ζ
1129 439 1279 499 nuario
1298 438 1367 480 die
1387 437 1504 497 ²:⁴³¹?
1527 436 1763 479 Februario
1780 437 1850 478 die

352 506 443 537 toto
479 509 530 537 eo
564 508 676 536 anno
720 508 764 534 in
803 493 1066 534 Kalendano
1097 528 1098 533 ,
1131 506 1194 540 22,
1214 504 1258 531 m
1279 490 1439 531 Martio
1458 489 1528 530 die
1549 504 1614 540 24,
1632 489 1709 531 &c.

355 572 482 618 Alia
534 572 580 617 T
573 571 728 616 abella
770 567 1069 629 Epczlhzrum
1112 567 1495 627 respondentium
1539 566 1729 612 Azareis
1773 581 1862 612 nee-

417 633 562 678 meris
591 632 649 676 ab
679 645 809 676 almo
844 632 956 688 1833
989 629 1236 681 inclusive,
1269 642 1414 693 usque
1434 627 1503 672 acl
1528 641 1719 672 almum
1748 639 1863 686 1900

421 693 671 737 exclusive.

375 769 487 841 ⁹Jfliur.
519 767 744 835 nfi'nij‘ffg.
776 767 919 817 “111''
948 766 1108 816 ἹΓ

376 846 377 857 ¹
413 829 613 880 EpaCtae.
684 842 738 869 ix.
825 842 894 868 xx.
1000 841 1025 866 1.

433 912 491 950 18.
585 923 661 968 19...
723 923 756 949 1.
822 923 856 949 2.
946 922 979 958 3.
1076 921 1111 957 4.

375 974 380 1019 5
423 959 491 1001 vii.
562 960 674 1000 xviu.

1131 825 1202 866 xii.
1262 825 1376 866 xxiii.
1445 839 1498 866 w.

724 960 747 981 ’θ
809 958 865 1000 xi.
911 957 1010 999 xxii.
1063 957 1118 998 iii.
1175 970 1259 998 xiv.

1565 766 1574 767 ’
1599 764 1862 825 ιὸ.”-ἦῖ““-

1587 839 1656 866 κν.
1720 824 1831 866 xxvi.
1859 808 1862 887 Ε

1139 789 1195 834 13.
1295 765 1362 834 ἧς
1381 765 1532 833 ”⁷st
1557 765 1561 769 *

1203 920 1237 965 ⁵-
1354 908 1389 946 ⁶-
1482 919 1516 964 ⁷:
1607 908 1658 965 ⁸.·.
1760 921 1834 966 9²...

1321 970 1417 997 XXV.
1470 970 1525 997 Vl.
1572 970 1673 1016 ⁸33¹·
1704 970 1862 998 xxvuk

411 1042 481 1082 Ad
510 1041 741 1082 tollendam
768 1038 1079 1081 dubitationem
1111 1047 1116 1105 Ι
1147 1051 1244 1077 nem
1296 1036 1419 1077 annis
1472 1037 1860 1095 progredientibus,

360 1094 415 1134 de
451 1106 531 1132 usu
568 1092 696 1142 hujus
733 1105 868 1132 novae
905 1091 1077 1132 tabulae

360 1144 637 1195 Epatstarum.
675 1144 950 1184 ostendemus
986 1155 1075 1182 rem

359 1194 575 1246 exemplis.
600 1196 725 1236 Anno
748 1197 844 1245 1833
863 1193 1075 1235 tribuatur

360 1246 528 1297 Epadta
562 1244 622 1293 ix,
660 1259 770 1297 quae
806 1244 885 1285 sub
929 1245 1074 1284 Aureo

362 1311 539 1337 numero
563 1312 611 1338 10
635 1297 890 1338 collocatur:
919 1295 991 1336 fiet
1023 1308 1077 1334 ue

366 1346 646 1389 Novilunium
663 1363 709 1388 22
722 1309 1078 1398 Januariiaoffle-

362 1398 537 1447 bruarii,
556 1413 602 1439 22
617 1398 778 1439 Martii.
838 1398 946 1438 Item
965 1410 1077 1438 anno

366 1453 462 1501 1834
483 1448 694 1491 tribuatur
720 1449 884 1500 Epacsta
910 1462 967 1488 xx
995 1447 1076 1488 sub

360 1502 505 1542 Aureo
548 1513 723 1541 numero
770 1514 813 1540 11
852 1499 1076 1544 collocata:

391 1566 472 1593 uae
500 1560 588 1593 toto
624 1565 674 1591 eo
706 1564 816 1591 anno
843 1549 886 1589 in
919 1549 1076 1589 Kalen·

361 1566 482 1644 {iario
520 1601 754 1642 Novilunia
790 1599 1073 1641 monstrabit:

361 1663 410 1695 ut
442 1653 484 1693 in
510 1653 716 1705 Januario
742 1651 812 1693 die
842 1666 904 1700 11,
924 1650 967 1690 in
998 1650 1076 1709 Fe-

361 1704 531 1746 bruario
566 1703 636 1746 die
667 1719 707 1755 9.
735 1703 779 1744 in
818 1702 976 1743 Martio
1003 1702 1074 1744 die

364 1771 422 1797 11.
457 1757 513 1797 Et
540 1754 601 1797 sic
627 1755 826 1806 deinceps
863 1768 938 1806 per
962 1752 1073 1795 ordi-

1111 1110 1114 1119 ·
1147 1088 1364 1129 redeundo
1400 1088 1470 1146 ad.
1489 1087 1746 1139 prineipium
1778 1089 1863 1139 Τει-Δ

1146 1139 1297 1187 bellae,
1353 1150 1706 1197 quotiescumque
1765 1153 1862 1180 eam

1202 1204 1412 1231 rcurreris.
1437 1190 1601 1230 Rursus
1616 1204 1729 1231 anno
1747 1192 1860 1239 1862,

1188 1242 1313 1292 pacta
1339 1254 1423 1281 non
1451 1239 1645 1291 signatur
1669 1255 1859 1290 numero,

1144 1294 1220 1333 sed
1249 1293 1328 1333 hoc
1355 1291 1477 1343 signo
1498 1292 1519 1312 ἦ
1538 1292 1655 1342 quod
1683 1292 1861 1333 colloca-

1145 1354 1214 1383 tur
1232 1343 1311 1384 sub
1330 1344 1473 1383 Aureo
1501 1356 1677 1383 numero
1703 1358 1737 1390 1,
1757 1352 1799 1383 et
1818 1343 1860 1383 in

1147 1393 1408 1435 Kalendario
1428 1404 1516 1434 toto
1530 1406 1581 1433 eo
1599 1407 1712 1434 anno
1729 1393 1862 1434 Novi-

1143 1446 1260 1486 lunia
1296 1443 1502 1486 indicabit
1527 1458 1537 1490 ;
1573 1443 1773 1486 nimirum
1816 1444 1859 1485 in

1141 1495 1349 1547 januario
1368 1495 1437 1536 die
1455 1510 1472 1535 1
1487 1503 1530 1535 et
1547 1509 1609 1545 31,
1630 1494 1673 1535 in
1695 1495 1859 1537 Martio

1139 1548 1256 1596 (nam
1272 1546 1314 1587 in
1334 1545 1563 1587 Februario
1580 1546 1743 1586 nullum
1758 1556 1858 1588 tunc

1143 1597 1441 1645 Novilunium,
1456 1610 1552 1637 cum
1569 1596 1610 1637 in
1622 1610 1675 1637 eo
1690 1597 1860 1647 signum

1141 1647 1221 1689 hoe
1241 1648 1264 1670 ⁴*
1292 1662 1376 1689 non
1404 1662 1449 1689 re
1480 1647 1657 1698 eriatur)
1676 1647 1747 1690 die
1768 1664 1785 1689 1
1816 1658 1860 1690 et

1140 1714 1203 1751 31,
1225 1699 1268 1740 in
1286 1700 1423 1752 Aprili
1475 1700 1512 1740 ie
1537 1714 1601 1751 29,
1624 1699 1701 1742 &c.

355 1832 563 1878 ⁴Tabella
594 1832 898 1877 Litterarum
931 1830 1323 1875 Dominicalium
1364 1828 1423 1874 ab
1455 1828 1621 1873 Idibus
1653 1829 1864 1884 Oftobris

417 1892 544 1936 anni
563 1892 865 1935 correctionis
900 1892 1011 1948 1582
1032 1889 1292 1946 (detractis
1303 1891 1452 1948 prius
1468 1889 1618 1933 decem
1650 1890 1856 1949 diebus),

423 1965 567 2009 usque
586 1951 653 1995 ad
670 1965 858 1995 annum
882 1964 996 2006 1700
1015 1950 1265 1995 exclusive.

368 2022 750 2186 ’ΤΠ
829 2036 1073 2184 020¹}ss

368 2119 439 2316 ῦς
894 2301 899 2339 f

415 2375 534 2417 Usus
552 2373 680 2425 hujus
705 2373 886 2415 tabellae
904 2372 974 2413 hic
993 2380 1070 2413 est.

362 2427 490 2467 Anno
534 2424 804 2467 correctionis
847 2439 863 2464 1
895 2427 943 2464 82
980 2432 1077 2475 post

364 2477 469 2519 Idus
490 2476 687 2518 Octobris
712 2475 851 2526 (detra
896 2474 931 2515 is
957 2474 1075 2526 prius

362 2542 389 2568 x
426 2527 596 2578 diebus)
628 2527 841 2568 tribuatur
876 2526 1017 2567 littera
1052 2539 1076 2566 c

362 2578 523 2629 primae
567 2578 758 2626 cellulae,
795 2585 838 2618 et
880 2575 1075 2628 sequenti

362 2643 475 2669 anno
505 2632 603 2680 1583
630 2628 770 2669 littera
788 2628 815 2668 b
843 2629 1072 2676 secundae,

359 2689 403 2720 et
422 2693 534 2719 anno
558 2695 573 2719 ι
581 2682 653 2728 584
674 2681 829 2720 dentur
848 2679 1014 2720 litterae
1034 2680 1075 2719 A

361 2743 391 2781 g
411 2729 561 2769 tertiae
588 2730 781 2777 cellulae,
800 2741 842 2770 et
869 2730 929 2771 sic
957 2729 1075 2770 dein-

361 2793 463 2869 ceps
494 2778 589 2819 aliis
623 2779 745 2820 annis
781 2781 928 2821 ordine
963 2781 1073 2821 aliae

362 2844 412 2870 ce
432 2828 542 2869 lulae
574 2828 827 2887 tribuantur,
856 2832 990 2872 donec
1017 2832 1072 2872 ad

362 2893 523 2921 annum
544 2890 804 2929 proposxtum
826 2891 1073 2931 perventum

680 2279 686 2341 Ι
790 2329 793 2344 μ
814 2272 851 2309 Α

1133 2064 1170 2102 Α

510 2235 535 2263 e
616 2187 997 2276 chTJJY
1054 2218 1076 2259 s

1262 2034 1395 2182 ψ

1588 2024 1846 2178 εῖῑιῑ

1703 2219 1723 2260 f
1797 2219 1826 2261 d

1698 2285 1722 2312 e

1477 2073 1501 2099 e

1478 2110 1505 2150 d

1339 2083 1618 2316 ψῃ

1158 2232 1182 2259 e

1857 2047 1861 2078 l

1209 2187 1218 2190 t
1239 2186 1320 2260 ..ὀ-
1857 2253 1858 2274 ¹

1265 2283 1288 2310 C

1141 2370 1212 2418 sit,
1251 2371 1469 2412 redeundo
1503 2372 1559 2412 ad
1602 2371 1859 2425 principium

1142 2422 1325 2463 tabellae
1368 2422 1720 2474 quotiescumque
1764 2439 1858 2466 eam

1142 2473 1409 2525 percurreris.
1466 2474 1582 2514 Nam
1618 2475 1786 2524 cellula,
1816 2475 1858 2516 in

1172 2538 1270 2565 uam
1296 2539 1432 2565 annus
1460 2524 1699 2576 propositus
1726 2527 1857 2575 cadit,

1141 2538 1244 2617 {ium
1288 2577 1415 2617 modo
1451 2575 1587 2616 minor
1621 2576 1693 2624 sit,
1730 2591 1857 2629 quam

1141 2641 1279 2668 annus
1331 2642 1444 2678 1700,
1499 2626 1619 2667 dabit
1673 2628 1858 2670 litteram

1143 2677 1452 2718 Dominicalem
1494 2677 1700 2728 propositi
1740 2679 1852 2720 anni.

1142 2729 1265 2779 Quae
1295 2728 1331 2769 si
1365 2728 1490 2770 unica
1518 2729 1766 2778 occurrerit,
1786 2744 1858 2771 an·

1141 2793 1221 2819 nus
1235 2778 1314 2820 erit
1333 2779 1568 2821 communis
1585 2794 1594 2826 ς
1609 2778 1645 2820 si
1664 2794 1765 2822 vero
1783 2782 1858 2823 du·

1142 2830 1253 2880 plex,
1271 2829 1507 2871 Bissextilis
1524 2844 1534 2872 :
1553 2841 1596 2870 et
1615 2839 1717 2872 tunc
1736 2846 1858 2882 supe-

1142 2880 1225 2921 rior
1261 2880 1402 2922 littera
1435 2880 1706 2924 Dominieam
1743 2882 1856 2924 diem
