2050 3392
175 288 296 341 Die
319 303 393 341 2!
417 289 587 358 Sept„
615 289 674 341 S.
703 286 1004 356 Matthaei,
1023 289 1079 341 Α
1072 292 1221 358 post.
1249 290 1306 343 E
1307 298 1476 361 vang.
1504 306 1611 362 415

108 441 241 486 DIE
281 440 421 486 XXI.
460 440 829 487 SEPTEMBR.

119 510 175 553 In
206 509 330 553 sesto
353 510 399 553 S.
430 510 678 561 Matthaei,
705 511 836 569 Apo·

195 570 304 614 stoli
336 578 382 614 et
405 570 751 627 Evangelistae.

375 630 579 687 Duplex.

109 692 114 695 ’
177 705 358 750 Omnia
378 705 601 750 dicuntur
617 706 676 752 de
693 707 834 751 Com-

119 767 247 810 muni
261 766 623 833 Apostolorum.
637 769 681 814 ii.
701 781 834 825 prae-

119 836 186 870 ter
207 834 475 883 sequentla.

389 903 571 948 Oratio.

268 977 313 1023 E
327 976 374 1023 A
390 977 436 1022 T
454 977 477 1022 1
517 977 736 1037 Apostoli
786 986 831 1024 et

299 1037 635 1096 Evangelistae
707 1039 833 1085 Mat-

117 1097 257 1150 thaei,
327 1098 550 1151 Domine,
614 1098 833 1156 precibus

118 1156 401 1216 adjuvemur
421 1172 431 1203 :
454 1166 509 1204 ut
528 1159 660 1216 quod
683 1159 833 1217 possi-

117 1217 276 1264 bilitas
309 1226 475 1264 nostra
504 1232 601 1263 non
630 1218 848 1273 obtinet,-

117 1278 218 1335 eJus
239 1278 381 1324 nobis
403 1278 735 1325 intercessione
749 1280 832 1325 do-

120 1338 268 1383 netur.
340 1339 430 1383 Per
453 1338 726 1387 Dominum.

183 1392 371 1438 Deinde
414 1390 465 1437 fit
508 1390 829 1440 Commemor.

125 1452 204 1498 SS.
230 1454 477 1499 Eustachii
506 1463 552 1499 et
575 1456 829 1507 sociorum.

127 1514 408 1571 Martyrum.
457 1514 579 1561 Asta.
609 1520 830 1565 Gaudent

125 1578 169 1623 in
204 1578 364 1625 coelis.
414 1572 475 1631 JV.
515 1579 824 1626 Exultabunt.

124 1632 303 1679 Oratio.
331 1639 479 1692 DeuS,
497 1640 580 1699 qui
606 1653 694 1686 nos
718 1654 831 1686 con·

122 1698 262 1746 cedis.
283 1713 387 1762 412.

175 1755 226 1798 In
238 1767 394 1811 primo
409 1752 662 1800 Nocturno
673 1755 837 1813 legun-

124 1822 194 1858 tur
219 1814 474 1859 Leotiones
497 1816 556 1858 de
589 1816 837 1860 Ezechiele

130 1875 364 1931 Propheta
396 1875 581 1932 positae
613 1876 658 1918 iu
694 1876 838 1922 Com-

125 1935 251 1979 muni
275 1935 704 1992 Evangelistarum.
720 1939 827 1986 xxii,

185 2011 238 2056 in
262 2011 475 2057 secundo
501 2011 768 2058 Noc‘turno.

357 2083 524 2131 Ledtio
546 2085 603 2132 iv.

406 2157 717 2212 TTHAEUS,
753 2159 834 2218 qui

382 2227 430 2265 et
441 2219 566 2272 Levi,
574 2219 835 2278 Apostolus

382 2286 429 2324 et
512 2278 827 2338 Evangelista.

384 2339 652 2397 Caphernai
725 2352 835 2385 cum

122 2398 184 2442 ad
200 2397 430 2444 telonium
446 2399 641 2452 sederet,
657 2413 687 2444 a
701 2399 836 2445 Chri-

121 2464 195 2503 sto
215 2458 428 2510 vocotus,
452 2460 614 2505 statim
645 2458 835 2504 secutus

122 2526 190 2563 est
206 2518 364 2576 ipsum
381 2533 391 2563 :
406 2532 549 2577 quem
565 2519 710 2565 etiam
724 2532 834 2564 cum

124 2577 311 2636 reliquis
342 2578 588 2637 discipulis
614 2579 834 2625 convivio

126 2638 319 2696 excepit.
396 2639 510 2685 Post
553 2640 730 2684 Christi
764 2652 832 2683 re-

126 2697 475 2752 surrectionem,
502 2699 763 2758 Antequam
785 2699 832 2743 in

127 2758 416 2814 provinciam
437 2759 827 2818 proficisceretur,

128 2831 248 2876 quae
288 2820 330 2866 ei
362 2820 427 2865 ad
456 2818 833 2878 praedicandum

128 2879 371 2938 obtigerat,
380 2880 560 2938 primus
575 2879 653 2940 inJ
659 2879 827 2929 udaea.

129 2948 311 2998 propter
324 2953 408 2986 eos
422 2940 502 2998 qui
517 2953 575 2984 ex
592 2938 833 2984 circumci-

899 424 1034 470 sione
1053 425 1364 478 crediderant,
1395 426 1610 485 Evange-

899 484 1013 528 lium
1040 485 1155 554 Jesu
1181 485 1356 531 Christi
1390 486 1609 532 hebraice

898 544 1084 603 scripS1t
1125 559 1136 591 t
1179 559 1292 591 mox
1335 546 1382 591 in
1422 546 1611 593 AEthio·

898 605 1027 660 piam
1077 606 1331 663 ριόῐέεξὶηε,
1390 606 1609 665 Evange-

898 664 1012 709 lium
1047 667 1348 723 praedicavit,
1383 680 1440 711 ac
1508 680 1611 713 rae-

896 724 1184 771 dicationem
1198 727 1357 773 multis
1370 727 1434 772 mi
1489 727 1611 774 culis

896 784 1203 831 confirmavit.

957 842 1029 899 R7.
1052 845 1162 889 Vidi
1184 845 1466 905 conjuncstos
1481 848 1608 893 viros

895 901 1124 949 habontes
1144 905 1417 963 splendidas
1438 914 1601 960 vestes,

894 970 941 1008 et
961 964 1174 1021 Angelus
1197 965 1390 1011 Domini
1421 966 1608 1012 locutus

894 1030 967 1068 est
997 1024 1062 1068 ad
1093 1037 1181 1075 me,
1220 1025 1381 1071 d³cens
1418 1040 1429 1071 t
1462 1022 1489 1046 ⁴*
1523 1027 1607 1072 Isti

893 1091 1004 1130 sunt
1035 1083 1118 1128 viri
1150 1084 1301 1129 sanoti
1332 1085 1445 1130 saoti
1467 1086 1609 1131 amici

896 1144 999 1190 Dei.
1032 1138 1095 1199 W.
1120 1143 1231 1189 Vidi
1251 1145 1491 1203 Angelum
1514 1145 1605 1192 Dei

895 1204 1078 1257 fortem,
1115 1205 1352 1251 volantem
1396 1219 1480 1264 per
1509 1205 1607 1252 mo-

893 1264 1029 1310 dium
1050 1266 1251 1318 coelum,
1279 1279 1400 1311 voce
1428 1280 1609 1325 magna

893 1324 1193 1428 {lamdntem
1220 1334 1267 1372 et
1289 1326 1609 1375 dicentem.—

921 1393 980 1429 sti
1001 1394 1126 1432 sunt.

1150 1476 1315 1522 Lectio
1333 1490 1369 1520 v.

1002 1561 1135 1607 LLO
1171 1560 1316 1620 igitur
1358 1561 1408 1607 in
1443 1563 1607 1621 primis

1030 1620 1272 1673 mirficum,
1330 1635 1430 1680 quo
1481 1623 1608 1679 regis

893 1679 1043 1726 filiam
1073 1694 1105 1726 a
1131 1680 1331 1727 mortuis
1370 1681 1602 1735 excitavit,

894 1754 1056 1799 regem
1097 1748 1295 1798 patrem,
1332 1749 1380 1786 et
1411 1740 1607 1787 uxorem

893 1798 1610 1906 {Qffiisstinf-{Ess‘ssassssssssffiia

897 1921 1030 1979 Rege
1042 1920 1246 1973 mortu0,
1264 1921 1491 1966 Hirtacus
1507 1920 1610 1979 ejus

895 1981 1151 2033 successor,
1167 1995 1277 2027 cum
1289 1980 1602 2039 Iphigeniam,

895 2041 1075 2099 regiam
1088 2041 1235 2086 filiam
1252 2041 1388 2086 vellet
1403 2041 1491 2085 sibi
1504 2042 1609 2087 dari

896 2101 944 2146 in
968 2101 1338 2153 matrimonium,
1369 2102 1609 2147 Matthae-

895 2174 991 2212 um,
1018 2162 1155 2220 cujus
1184 2161 1333 2220 opera
1360 2162 1440 2207 illa
1470 2161 1609 2218 virgi-

896 2220 1097 2267 nitatem
1120 2222 1226 2267 Deo
1258 2221 1461 2274 voverat,
1490 2221 1606 2266 etin

896 2280 1065 2326 sancito
1104 2281 1351 2339 proposito
1396 2293 1610 2338 perseve-

896 2340 1045 2392 rabat,
1068 2341 1132 2385 ad
1152 2341 1300 2386 altore
1331 2339 1609 2398 mysterium

896 2400 1213 2445 celebramem
1254 2400 1391 2458 jussit
1432 2398 1604 2445 occidi.

897 2460 990 2515 Qui
1053 2459 1309 2505 undecimo
1363 2455 1610 2503 Kalendas

897 2519 1122 2565 Ootobris
1164 2532 1338 2564 munus
1369 2517 1611 2575 Apostoli-

897 2593 1007 2624 curn
1016 2578 1226 2637 martyrii
1240 2578 1390 2636 gloria
1398 2577 1610 2623 cumulo.-

897 2640 976 2684 vit.
1055 2638 1207 2696 Cujus
1246 2651 1419 2695 corpus
1455 2637 1606 2683 Saler-

898 2712 1012 2743 num
1057 2698 1351 2750 translatum,
1389 2711 1445 2743 ac
1477 2697 1608 2756 post-

898 2758 1099 2803 modum
1143 2758 1193 2803 in
1243 2757 1457 2804 Ecclesia
1506 2759 1609 2816 eJus

899 2818 1093 2864 nomine
1121 2818 1352 2870 dedicata,
1375 2818 1609 2877 Gregorio

899 2878 1103 2936 septimo
1147 2892 1335 2925 summo
1381 2878 1610 2926 Pontifice

899 2937 1160 2991 conditum,
1207 2938 1383 2985 ibidem
1424 2952 1605 2997 magno
