2050 3392
190 415 507 472 Naamathites,
558 427 605 465 et
651 419 861 466 feceruut

187 475 291 521 sicut
324 477 503 525 locutus
535 479 689 525 fuerat
724 480 861 525 Dfius

186 536 241 579 ad
271 550 359 590 eos,
401 545 448 583 et
480 540 683 598 suscepit
722 540 859 585 Dfius

145 613 150 692 f
188 593 452 660 saciemJob.
492 599 728 644 Dominus
742 613 859 656 quo-

188 665 266 709 que
287 657 523 703 conversus
550 666 623 704 est
654 660 717 704 ad
746 672 860 716 poe-

143 695 148 842 }
185 713 407 761 nitentiam
421 717 526 779 Job,
562 732 673 763 cum
702 718 857 763 oraret

182 770 247 816 ille
261 788 340 831 pro
356 777 511 823 amIcis
526 778 639 823 suis.
690 778 753 821 Et
774 777 858 822 ad-

182 831 285 877 didit
297 834 425 881 Dfius
433 836 857 895 omniaquaecum-

182 902 261 946 que
289 893 465 941 fuerant
486 898 598 960 Job,
627 896 849 955 duplicia„

180 948 399 999 Venerunt
441 964 600 1001 autern
642 957 707 1000 ad
748 970 856 1000 eum

182 1021 325 1057 omnes
337 1013 494 1061 fratres
508 1017 595 1068 sui,
612 1023 659 1061 et
674 1016 858 1060 univer-

180 1080 250 1113 sae
274 1072 445 1119 sorores
472 1089 601 1127 suae,
626 1082 673 1120 et
696 1074 856 1119 cuncti

182 1130 250 1183 qui
269 1130 480 1179 noverant
501 1148 613 1179 eum
635 1135 781 1193 prius,
808 1142 855 1179 et

184 1191 460 1253 comederunt
475 1208 584 1239 cum
603 1209 662 1239 eo
679 1208 856 1252 panem

185 1258 227 1289 m
244 1248 371 1295 domo
386 1254 511 1311 ejus:
536 1261 583 1299 et
604 1252 857 1298 moverunt

141 1299 144 1360 ἶ,
185 1317 304 1374 super
319 1324 420 1356 eum
437 1321 593 1371 caput,
618 1320 663 1357 et
687 1326 859 1357 conso-

142 1375 144 1422 4
183 1363 252 1409 lati
280 1378 377 1415 sunt
408 1386 513 1417 eum
551 1386 696 1431 super
726 1372 857 1417 omni

141 1437 144 1458 ¹
183 1426 290 1470 malo
317 1433 440 1486 quod
468 1431 695 1477 intulerat
719 1431 857 1476 Dfius

183 1495 304 1540 super
324 1502 452 1536 eum:
481 1499 529 1537 et
551 1490 788 1536 dederunt
816 1491 858 1535 ei

141 1595 142 1609 χ
185 1548 473 1609 Pnusquisque
488 1564 628 1596 ovem
640 1557 858 1602 unam,et

139 1619 142 1658 l
184 1600 364 1653 lnaurem
385 1610 575 1655 auream
600 1623 765 1656 unam.

139 1700 142 1775 g
372 1689 534 1743 Lectio
556 1692 620 1743 iii.

310 1788 617 1836 OMINUS
699 1796 859 1836 autem
1005 1813 1067 1839 ‚Q

135 1864 138 1909 ς
174 1776 302 1960 ip
334 1848 571 1896 benedixit
591 1849 861 1895 novissimis
949 1843 961 1859 ‘

206 1959 213 1968 ¹
275 1909 415 1966 magis
444 1924 592 1968 quam
624 1908 859 1968 principio

180 1971 276 2016 elus·
336 1967 395 2014 Et
409 1970 540 2015 facta
555 1977 666 2015 sunt
684 1969 726 2013 ei
745 1981 860 2026 qua-

180 2020 415 2074 tuordecim
433 2029 586 2074 millia
612 2029 789 2080 ovium,
813 2035 860 2072 et

177 2089 248 2147 δερ(
279 2085 417 2134 millia
456 2088 766 2138 camelorum.
814 2094 860 2131 et

178 2139 286 2208 mille
312 2144 425 2205 jnga
454 2149 617 2198 bourn,
656 2154 703 2192 et
734 2147 861 2190 mille

176 2195 331 2249 asmae.
392 2209 457 2254 Et
489 2207 680 2252 fuerunt
711 2207 754 2250 ei
792 2219 861 2250 se-

176 2264 289 2311 ptem
309 2263 399 2319 filii,
418 2275 467 2313 et
495 2274 589 2312 tres
604 2266 749 2311 filiae.
798 2266 859 2310 Et

176 2319 339 2368 vocavit
350 2339 525 2372 nomen
538 2325 681 2371 unius
701 2326 852 2376 Diem,

176 2382 215 2444 e}
254 2392 416 2431 nomen
460 2384 702 2431 secundae
746 2384 861 2429 Cas-

177 2446 290 2490 slam,
343 2453 388 2490 et
451 2457 630 2491 nomen
697 2442 862 2489 tertiae

179 2492 456 2550 Cornustibii.
507 2505 626 2550 Non
649 2510 759 2548 sunt
780 2516 861 2547 au-

131 2576 132 2590 *
178 2557 258 2621 tem
277 2559 490 2609 inventae
513 2562 736 2608 mulieres
758 2575 861 2618 spe-

129 2646 132 2655 ·
177 2613 314 2682 Clqsae
347 2623 467 2669 sicut
505 2623 636 2667 filiae
669 2621 770 2683 Job
812 2621 859 2665 in

131 2710 134 2739 Ι
177 2677 371 2725 umversa
383 2690 510 2728 terra
524 2697 534 2727 :
550 2680 782 2737 deditque
795 2680 861 2725 eis

130 2742 134 2805 Ι
179 2740 295 2784 Pater
309 2751 415 2787 suus
431 2740 778 2787 haereditatem
794 2739 861 2784 in-

180 2794 239 2834 ter
249 2793 404 2845 fratres
417 2801 593 2846 earum.
637 2798 767 2843 Vixit
781 2812 862 2844 au·

180 2853 262 2895 tem
303 2857 363 2902 ob
382 2868 491 2917 post
511 2861 646 2911 haec,
669 2865 860 2903 centum

390 2928 472 2966 nta
495 2919 651 2972 anniS,
678 2924 728 2963 et
747 2917 863 2964 vidit

147 281 151 330 l
453 282 751 337 Domz’m‘ca
774 284 942 336 tertia
966 285 1320 355 Septembris.

1540 289 1629 342 181

927 420 1052 467 filios
1072 434 1199 472 suos,
1223 429 1270 467 et
1289 421 1414 467 filios
1431 423 1632 469 filiorum

927 482 1132 532 suorum,
1157 495 1308 539 usque
1329 483 1393 527 ad
1414 492 1630 539 quartam

925 541 1298 599 generationem,
1338 550 1386 587 et
1420 542 1633 588 mortuus

926 609 996 647 est
1009 614 1166 654 senex,
1183 609 1230 646 et
1244 602 1414 660 plenus
1430 601 1625 648 dierum.

1117 745 1430 793 SABBATO.

952 811 1063 848 ante
1088 803 1387 850 Dominicam
1412 807 1598 853 tertiam

1121 865 1424 926 Septembris.

981 935 1060 980 Ad
1085 936 1374 995 Magnificat,
1403 940 1521 985 Asia.
1554 938 1631 984 Ne

924 992 1248 1045 reminiscaris,
1264 996 1289 1018 ³⁶
1312 994 1534 1050 Domine,
1549 999 1630 1042 de·

924 1052 1040 1098 licta
1089 1068 1208 1107 mea,
1253 1055 1327 1099 vel
1376 1055 1629 1114 parentum

925 1112 1140 1159 meorum
1161 1128 1170 1157 :
1193 1127 1346 1171 neque
1367 1114 1629 1161 vindictam

924 1187 1083 1218 sumas
1105 1174 1392 1231 de-peecatis
1413 1176 1544 1222 meis.

1043 1307 1387 1364 DoM1N1CA
1413 1319 1503 1365 111.

1117 1379 1420 1437 Septembris.

1012 1454 1067 1498 In
1089 1456 1245 1513 primo
1268 1458 1313 1503 N
1320 1457 1533 1504 oc'turno.

984 1525 1155 1584 Incipit
1202 1526 1319 1571 liber
1367 1526 1564 1573 Tobiae.

1009 1599 1176 1647 Lectio
1203 1601 1231 1646 i.
1368 1600 1477 1657 Cap.
1505 1600 1532 1644 i.

1146 1669 1385 1734 ιΟΒΙΑΞ
1417 1684 1474 1715 ex
1505 1671 1630 1716 tribu

1030 1747 1050 1760 ··
1091 1727 1113 1758 ·:
1189 1735 1237 1772 et
1254 1729 1444 1773 civitate
1465 1729 1630 1787 Neph-

1191 1787 1307 1837 thali
1352 1785 1366 1847 (
1404 1801 1526 1844 quae
1559 1797 1629 1834 est

1031 1850 1064 1863 *“
1189 1847 1238 1891 in
1311 1847 1629 1904 superioribus

924 1905 1166 1951 Galilaeae
1202 1919 1346 1964 supra
1386 1907 1621 1960 Naasson,

923 1971 1034 2022 post
1074 1967 1199 2011 viam
1239 1980 1362 2023 quae
1398 1968 1526 2013 ducit
1563 1969 1627 2013 ad

923 2025 1250 2079 Occidentem,
1277 2026 1324 2071 in
1339 2027 1527 2072 sinlstro
1545 2029 1626 2072 ha-

923 2085 1040 2129 bens
1053 2086 1289 2131 civitatem
1305 2085 1498 2145 Sephet)
1518 2101 1627 2132 cum

924 2153 1092 2202 captus
1113 2153 1236 2190 esset
1258 2146 1307 2189 in
1329 2146 1495 2191 diebus
1526 2146 1628 2191 Sal-

924 2204 1145 2250 mae'masar
1163 2205 1286 2261 regis
1305 2205 1620 2263 Assyriorum,

925 2264 969 2307 in
1002 2264 1276 2322 captivitate
1310 2271 1470 2309 tamen
1502 2264 1628 2322 posi-

923 2331 1011 2376 tus,
1039 2325 1162 2368 viam
1186 2324 1392 2369 veritatis
1421 2338 1518 2368 non
1548 2325 1629 2368 de-

924 2382 1066 2428 seruit
1086 2397 1096 2435 ;
1120 2384 1187 2428 ita
1217 2391 1270 2427 ut
1302 2383 1476 2434 omnia,
1505 2397 1628 2439 quae

924 2442 1099 2487 habere
1148 2443 1352 2500 poterat,
1414 2442 1630 2497 quotidie

923 2501 1214 2558 concaptivis
1264 2500 1501 2551 fratribus,
1548 2501 1629 2559 qui

924 2568 1057 2605 erant
1073 2575 1130 2604 ex
1145 2561 1244 2617 ejus
1256 2559 1439 2616 genere.
1462 2560 1632 2617 imper-

925 2621 1044 2665 tIret.
1094 2620 1313 2676 Cumque
1334 2625 1454 2663 esset
1472 2617 1632 2676 junior

924 2679 1145 2725 omnibus
1159 2679 1206 2722 in
1216 2678 1340 2723 tribu
1349 2677 1626 2735 Nephthali‚

924 2738 1041 2784 nihil
1072 2746 1232 2783 tamen
1268 2737 1446 2796 puerile
1485 2739 1630 2796 gessit

926 2797 1219 2917 Ῑῃέἓῐῗεῖξὲῑο,
1243 2857 1460 2909 Domine,
1486 2864 1540 2902 ut
1567 2859 1630 2902 de

926 2914 1114 2961 vinculo
1165 2916 1438 2975 improperii
1489 2917 1630 2974 hujus
