<?xml version="1.0" encoding="UTF-8"?>
<!DOCTYPE html PUBLIC "-//W3C//DTD XHTML 1.0 Transitional//EN"
    "http://www.w3.org/TR/xhtml1/DTD/xhtml1-transitional.dtd">
<html xmlns="http://www.w3.org/1999/xhtml" xml:lang="en" lang="en">
 <head>
  <title>
</title>
<meta http-equiv="Content-Type" content="text/html;charset=utf-8" />
  <meta name='ocr-system' content='tesseract 3.04.00' />
  <meta name='ocr-capabilities' content='ocr_page ocr_carea ocr_par ocr_line ocrx_word'/>
</head>
<body>
  <div class='ocr_page' id='page_1' title='image "./breviariumroman03churgoog_0872.png"; bbox 0 0 2050 3392; ppageno 0'>
   <div class='ocr_carea' id='block_1_1' title="bbox 565 274 1346 335">
    <p class='ocr_par' dir='ltr' id='par_1_1' title="bbox 565 274 1346 335">
     <span class='ocr_line' id='line_1_1' title="bbox 565 274 1346 335; baseline 0.005 -5"><span class='ocrx_word' id='word_1_1' title='bbox 565 278 641 331; x_wconf 83' lang='lat' dir='ltr'>In</span> <span class='ocrx_word' id='word_1_2' title='bbox 661 274 1027 333; x_wconf 81' lang='lat' dir='ltr'>Dedicatione</span> <span class='ocrx_word' id='word_1_3' title='bbox 1050 278 1346 335; x_wconf 80' lang='lat' dir='ltr'><em>Ecclesiae.</em></span> 
     </span>
    </p>
   </div>
   <div class='ocr_carea' id='block_1_2' title="bbox 192 398 910 2606">
    <p class='ocr_par' dir='ltr' id='par_1_2' title="bbox 199 398 910 506">
     <span class='ocr_line' id='line_1_2' title="bbox 199 398 910 459; baseline 0.001 -12"><span class='ocrx_word' id='word_1_4' title='bbox 199 398 456 459; x_wconf 82' lang='lat' dir='ltr'>Det&#39;unque</span> <span class='ocrx_word' id='word_1_5' title='bbox 486 399 685 447; x_wconf 87' lang='lat' dir='ltr'>Trinum</span> <span class='ocrx_word' id='word_1_6' title='bbox 713 407 764 447; x_wconf 88' lang='lat' dir='ltr'>et</span> <span class='ocrx_word' id='word_1_7' title='bbox 789 400 910 449; x_wconf 89' lang='lat' dir='ltr'>Uni·</span> 
     </span>
     <span class='ocr_line' id='line_1_3' title="bbox 291 474 401 506; baseline 0 0"><span class='ocrx_word' id='word_1_8' title='bbox 291 474 401 506; x_wconf 88' lang='lat' dir='ltr'>eum</span> 
     </span>
    </p>

    <p class='ocr_par' dir='ltr' id='par_1_3' title="bbox 226 520 816 580">
     <span class='ocr_line' id='line_1_4' title="bbox 226 520 816 580; baseline 0.003 -14"><span class='ocrx_word' id='word_1_9' title='bbox 226 520 308 578; x_wconf 87' lang='lat' dir='ltr'>ugi</span> <span class='ocrx_word' id='word_1_10' title='bbox 332 520 504 568; x_wconf 71' lang='lat' dir='ltr'>canere</span> <span class='ocrx_word' id='word_1_11' title='bbox 533 522 777 580; x_wconf 59' lang='lat' dir='ltr'>praedicnt</span> <span class='ocrx_word' id='word_1_12' title='bbox 804 535 816 568; x_wconf 72' lang='grc' dir='ltr'><strong><em>ε</em></strong></span> 
     </span>
    </p>

    <p class='ocr_par' dir='ltr' id='par_1_4' title="bbox 198 580 784 688">
     <span class='ocr_line' id='line_1_5' title="bbox 226 580 784 640; baseline 0.002 -14"><span class='ocrx_word' id='word_1_13' title='bbox 226 581 274 626; x_wconf 84' lang='grc' dir='ltr'>1Ιί</span> <span class='ocrx_word' id='word_1_14' title='bbox 299 581 519 627; x_wconf 85' lang='lat' dir='ltr'>canentes</span> <span class='ocrx_word' id='word_1_15' title='bbox 537 580 784 640; x_wconf 71' lang='lat' dir='ltr'>jt‘mgimur</span> 
     </span>
     <span class='ocr_line' id='line_1_6' title="bbox 198 640 752 688; baseline 0.002 -2"><span class='ocrx_word' id='word_1_16' title='bbox 198 640 369 687; x_wconf 88' lang='lat' dir='ltr'>Almae</span> <span class='ocrx_word' id='word_1_17' title='bbox 389 642 545 688; x_wconf 76' lang='lat' dir='ltr'>Sienis</span> <span class='ocrx_word' id='word_1_18' title='bbox 565 642 752 687; x_wconf 84' lang='lat' dir='ltr'><strong>aemuli.</strong></span> 
     </span>
    </p>

    <p class='ocr_par' dir='ltr' id='par_1_5' title="bbox 268 701 909 813">
     <span class='ocr_line' id='line_1_7' title="bbox 268 701 909 760; baseline -0.002 -11"><span class='ocrx_word' id='word_1_19' title='bbox 268 707 398 749; x_wconf 76' lang='lat' dir='ltr'>llaec</span> <span class='ocrx_word' id='word_1_20' title='bbox 420 703 610 760; x_wconf 86' lang='lat' dir='ltr'>templa,</span> <span class='ocrx_word' id='word_1_21' title='bbox 636 702 737 747; x_wconf 87' lang='lat' dir='ltr'>Rex</span> <span class='ocrx_word' id='word_1_22' title='bbox 757 701 909 749; x_wconf 89' lang='lat' dir='ltr'>coele-</span> 
     </span>
     <span class='ocr_line' id='line_1_8' title="bbox 288 762 446 813; baseline -0.006 -6"><span class='ocrx_word' id='word_1_23' title='bbox 288 762 446 813; x_wconf 84' lang='lat' dir='ltr'>stium.</span> 
     </span>
    </p>

    <p class='ocr_par' dir='ltr' id='par_1_6' title="bbox 200 820 817 1117">
     <span class='ocr_line' id='line_1_9' title="bbox 200 820 817 879; baseline 0.003 -14"><span class='ocrx_word' id='word_1_24' title='bbox 200 821 357 878; x_wconf 87' lang='lat' dir='ltr'>Imple</span> <span class='ocrx_word' id='word_1_25' title='bbox 375 820 584 879; x_wconf 85' lang='lat' dir='ltr'>benigno</span> <span class='ocrx_word' id='word_1_26' title='bbox 603 820 780 867; x_wconf 71' lang='lat' dir='ltr'>himine</span> <span class='ocrx_word' id='word_1_27' title='bbox 806 834 817 867; x_wconf 73' lang='grc' dir='ltr'>ε</span> 
     </span>
     <span class='ocr_line' id='line_1_10' title="bbox 201 879 811 938; baseline 0.002 -14"><span class='ocrx_word' id='word_1_28' title='bbox 201 880 319 924; x_wconf 87' lang='lat' dir='ltr'>Huc</span> <span class='ocrx_word' id='word_1_29' title='bbox 350 893 381 926; x_wconf 94' lang='lat' dir='ltr'>o</span> <span class='ocrx_word' id='word_1_30' title='bbox 410 880 607 938; x_wconf 66' lang='lat' dir='ltr'>rogatus</span> <span class='ocrx_word' id='word_1_31' title='bbox 627 879 811 934; x_wconf 77' lang='lat' dir='ltr'>adveni,</span> 
     </span>
     <span class='ocr_line' id='line_1_11' title="bbox 202 939 809 999; baseline 0 -15"><span class='ocrx_word' id='word_1_32' title='bbox 202 939 456 998; x_wconf 72' lang='lat' dir='ltr'>plebisque</span> <span class='ocrx_word' id='word_1_33' title='bbox 478 948 591 985; x_wconf 87' lang='lat' dir='ltr'>vota</span> <span class='ocrx_word' id='word_1_34' title='bbox 611 940 809 999; x_wconf 81' lang='lat' dir='ltr'>st&#39;iscipe.</span> 
     </span>
     <span class='ocr_line' id='line_1_12' title="bbox 201 999 814 1058; baseline 0.002 -14"><span class='ocrx_word' id='word_1_35' title='bbox 201 1000 267 1045; x_wconf 88' lang='lat' dir='ltr'>Et</span> <span class='ocrx_word' id='word_1_36' title='bbox 288 1008 453 1045; x_wconf 88' lang='lat' dir='ltr'>nostra</span> <span class='ocrx_word' id='word_1_37' title='bbox 474 1001 620 1045; x_wconf 80' lang='lat' dir='ltr'>corda</span> <span class='ocrx_word' id='word_1_38' title='bbox 638 999 814 1058; x_wconf 73' lang='lat' dir='ltr'>jt&#39;igiter</span> 
     </span>
     <span class='ocr_line' id='line_1_13' title="bbox 200 1058 761 1117; baseline 0.002 -13"><span class='ocrx_word' id='word_1_39' title='bbox 200 1058 438 1105; x_wconf 83' lang='lat' dir='ltr'>Perst&#39;mde</span> <span class='ocrx_word' id='word_1_40' title='bbox 458 1059 575 1105; x_wconf 92' lang='lat' dir='ltr'>coeli</span> <span class='ocrx_word' id='word_1_41' title='bbox 595 1059 761 1117; x_wconf 69' lang='lat' dir='ltr'>gratia.</span> 
     </span>
    </p>

    <p class='ocr_par' dir='ltr' id='par_1_7' title="bbox 193 1119 906 1479">
     <span class='ocr_line' id='line_1_14' title="bbox 267 1119 855 1177; baseline 0 -12"><span class='ocrx_word' id='word_1_42' title='bbox 267 1122 278 1165; x_wconf 89' lang='lat' dir='ltr'>l</span> <span class='ocrx_word' id='word_1_43' title='bbox 296 1120 358 1165; x_wconf 83' lang='lat' dir='ltr'>lic</span> <span class='ocrx_word' id='word_1_44' title='bbox 381 1119 632 1177; x_wconf 74' lang='lat' dir='ltr'>Impetrent</span> <span class='ocrx_word' id='word_1_45' title='bbox 646 1119 855 1166; x_wconf 86' lang='lat' dir='ltr'>fidelium</span> 
     </span>
     <span class='ocr_line' id='line_1_15' title="bbox 193 1178 906 1239; baseline 0.003 -15"><span class='ocrx_word' id='word_1_46' title='bbox 193 1180 355 1225; x_wconf 89' lang='lat' dir='ltr'>Voces</span> <span class='ocrx_word' id='word_1_47' title='bbox 368 1179 625 1238; x_wconf 87' lang='lat' dir='ltr'>precesque</span> <span class='ocrx_word' id='word_1_48' title='bbox 637 1178 906 1239; x_wconf 73' lang='lat' dir='ltr'>st&#39;ipplicum</span> 
     </span>
     <span class='ocr_line' id='line_1_16' title="bbox 197 1238 805 1294; baseline 0.002 -10"><span class='ocrx_word' id='word_1_49' title='bbox 197 1240 388 1285; x_wconf 86' lang='lat' dir='ltr'>Domus</span> <span class='ocrx_word' id='word_1_50' title='bbox 407 1238 576 1286; x_wconf 58' lang='lat' dir='ltr'>bffdtae</span> <span class='ocrx_word' id='word_1_51' title='bbox 597 1239 805 1294; x_wconf 81' lang='lat' dir='ltr'>mt&#39;tnera,</span> 
     </span>
     <span class='ocr_line' id='line_1_17' title="bbox 198 1299 902 1358; baseline 0.004 -14"><span class='ocrx_word' id='word_1_52' title='bbox 198 1299 449 1357; x_wconf 83' lang='lat' dir='ltr'>Partisque</span> <span class='ocrx_word' id='word_1_53' title='bbox 468 1299 606 1345; x_wconf 87' lang='lat' dir='ltr'>donis</span> <span class='ocrx_word' id='word_1_54' title='bbox 627 1300 870 1358; x_wconf 70' lang='lat' dir='ltr'>geudeant</span> <span class='ocrx_word' id='word_1_55' title='bbox 890 1314 902 1348; x_wconf 90' lang='lat'><strong>:</strong></span> 
     </span>
     <span class='ocr_line' id='line_1_18' title="bbox 197 1359 746 1418; baseline 0.002 -13"><span class='ocrx_word' id='word_1_56' title='bbox 197 1359 366 1405; x_wconf 89' lang='lat' dir='ltr'>Donec</span> <span class='ocrx_word' id='word_1_57' title='bbox 385 1359 526 1406; x_wconf 64' lang='lat' dir='ltr'>soleti</span> <span class='ocrx_word' id='word_1_58' title='bbox 547 1360 746 1418; x_wconf 74' lang='lat' dir='ltr'>cerpore</span> 
     </span>
     <span class='ocr_line' id='line_1_19' title="bbox 193 1419 789 1479; baseline 0.005 -14"><span class='ocrx_word' id='word_1_59' title='bbox 193 1419 341 1466; x_wconf 87' lang='lat' dir='ltr'>Sedes</span> <span class='ocrx_word' id='word_1_60' title='bbox 362 1419 527 1467; x_wconf 79' lang='lat' dir='ltr'>beetas</span> <span class='ocrx_word' id='word_1_61' title='bbox 547 1420 789 1479; x_wconf 59' lang='lat' dir='ltr'>impleant.</span> 
     </span>
    </p>

    <p class='ocr_par' dir='ltr' id='par_1_8' title="bbox 192 1481 898 1658">
     <span class='ocr_line' id='line_1_20' title="bbox 263 1481 864 1527; baseline 0.003 -2"><span class='ocrx_word' id='word_1_62' title='bbox 263 1482 415 1527; x_wconf 73' lang='lat' dir='ltr'>Decus</span> <span class='ocrx_word' id='word_1_63' title='bbox 439 1481 627 1527; x_wconf 83' lang='lat' dir='ltr'>Parenti</span> <span class='ocrx_word' id='word_1_64' title='bbox 649 1481 864 1527; x_wconf 87' lang='lat' dir='ltr'>debitum</span> 
     </span>
     <span class='ocr_line' id='line_1_21' title="bbox 192 1539 898 1598; baseline 0.003 -13"><span class='ocrx_word' id='word_1_65' title='bbox 192 1539 265 1586; x_wconf 89' lang='lat' dir='ltr'>Sit</span> <span class='ocrx_word' id='word_1_66' title='bbox 278 1540 623 1598; x_wconf 70' lang='lat' dir='ltr'>usquequeque</span> <span class='ocrx_word' id='word_1_67' title='bbox 637 1541 898 1595; x_wconf 84' lang='lat' dir='ltr'>Altissimo,</span> 
     </span>
     <span class='ocr_line' id='line_1_22' title="bbox 196 1599 777 1658; baseline 0.002 -14"><span class='ocrx_word' id='word_1_68' title='bbox 196 1600 425 1658; x_wconf 78' lang='lat' dir='ltr'>Nateque</span> <span class='ocrx_word' id='word_1_69' title='bbox 447 1600 600 1645; x_wconf 87' lang='lat' dir='ltr'>Patris</span> <span class='ocrx_word' id='word_1_70' title='bbox 620 1599 777 1653; x_wconf 84' lang='lat' dir='ltr'>t&#39;mico,</span> 
     </span>
    </p>

    <p class='ocr_par' dir='ltr' id='par_1_9' title="bbox 194 1658 733 1719">
     <span class='ocr_line' id='line_1_23' title="bbox 194 1658 733 1719; baseline 0.002 -14"><span class='ocrx_word' id='word_1_71' title='bbox 194 1660 256 1706; x_wconf 90' lang='lat' dir='ltr'>Et</span> <span class='ocrx_word' id='word_1_72' title='bbox 282 1660 462 1719; x_wconf 86' lang='lat' dir='ltr'>inclyto</span> <span class='ocrx_word' id='word_1_73' title='bbox 486 1658 733 1712; x_wconf 72' lang='lat' dir='ltr'>Pareclito,</span> 
     </span>
    </p>

    <p class='ocr_par' dir='ltr' id='par_1_10' title="bbox 194 1719 864 1778">
     <span class='ocr_line' id='line_1_24' title="bbox 194 1719 864 1778; baseline 0.003 -14"><span class='ocrx_word' id='word_1_74' title='bbox 194 1720 287 1764; x_wconf 90' lang='lat' dir='ltr'>Cui</span> <span class='ocrx_word' id='word_1_75' title='bbox 309 1721 428 1772; x_wconf 85' lang='lat' dir='ltr'>laus,</span> <span class='ocrx_word' id='word_1_76' title='bbox 455 1719 681 1777; x_wconf 85' lang='lat' dir='ltr'>potestas,</span> <span class='ocrx_word' id='word_1_77' title='bbox 708 1719 864 1778; x_wconf 78' lang='lat' dir='ltr'>gleria</span> 
     </span>
    </p>

    <p class='ocr_par' dir='ltr' id='par_1_11' title="bbox 193 1780 899 1885">
     <span class='ocr_line' id='line_1_25' title="bbox 193 1780 811 1837; baseline 0 -12"><span class='ocrx_word' id='word_1_78' title='bbox 193 1780 397 1826; x_wconf 85' lang='lat' dir='ltr'>AEterna</span> <span class='ocrx_word' id='word_1_79' title='bbox 422 1780 482 1825; x_wconf 90' lang='lat' dir='ltr'>sit</span> <span class='ocrx_word' id='word_1_80' title='bbox 505 1792 589 1837; x_wconf 88' lang='lat' dir='ltr'>per</span> <span class='ocrx_word' id='word_1_81' title='bbox 608 1780 811 1825; x_wconf 83' lang='lat' dir='ltr'>saecula.</span> 
     </span>
     <span class='ocr_line' id='line_1_26' title="bbox 731 1839 899 1885; baseline 0.006 -1"><span class='ocrx_word' id='word_1_82' title='bbox 731 1839 899 1885; x_wconf 88' lang='lat' dir='ltr'>Amen.</span> 
     </span>
    </p>

    <p class='ocr_par' dir='ltr' id='par_1_12' title="bbox 193 1898 908 2139">
     <span class='ocr_line' id='line_1_27' title="bbox 263 1898 904 1945; baseline 0.008 -5"><span class='ocrx_word' id='word_1_83' title='bbox 263 1898 318 1943; x_wconf 61' lang='lat' dir='ltr'>t&#39;.</span> <span class='ocrx_word' id='word_1_84' title='bbox 357 1899 496 1945; x_wconf 87' lang='lat' dir='ltr'>Haec</span> <span class='ocrx_word' id='word_1_85' title='bbox 515 1906 586 1945; x_wconf 89' lang='lat' dir='ltr'>est</span> <span class='ocrx_word' id='word_1_86' title='bbox 606 1900 781 1945; x_wconf 89' lang='lat' dir='ltr'>domus</span> <span class='ocrx_word' id='word_1_87' title='bbox 812 1899 904 1944; x_wconf 73' lang='lat' dir='ltr'>Dfli</span> 
     </span>
     <span class='ocr_line' id='line_1_28' title="bbox 193 1958 908 2006; baseline 0 -1"><span class='ocrx_word' id='word_1_88' title='bbox 193 1958 666 2006; x_wconf 76' lang='lat' dir='ltr'>firmiteraedificata.</span> <span class='ocrx_word' id='word_1_89' title='bbox 689 1960 758 2004; x_wconf 44' lang='lat' dir='ltr'>R?</span> <span class='ocrx_word' id='word_1_90' title='bbox 781 1959 908 2005; x_wconf 90' lang='lat' dir='ltr'>Bene</span> 
     </span>
     <span class='ocr_line' id='line_1_29' title="bbox 195 2019 905 2078; baseline 0 -12"><span class='ocrx_word' id='word_1_91' title='bbox 195 2020 397 2066; x_wconf 58' lang='lat' dir='ltr'>fundata</span> <span class='ocrx_word' id='word_1_92' title='bbox 434 2028 508 2066; x_wconf 87' lang='lat' dir='ltr'>est</span> <span class='ocrx_word' id='word_1_93' title='bbox 542 2032 689 2078; x_wconf 88' lang='lat' dir='ltr'>supra</span> <span class='ocrx_word' id='word_1_94' title='bbox 720 2019 905 2066; x_wconf 84' lang='lat' dir='ltr'>firmam</span> 
     </span>
     <span class='ocr_line' id='line_1_30' title="bbox 197 2088 395 2139; baseline 0 -12"><span class='ocrx_word' id='word_1_95' title='bbox 197 2088 395 2139; x_wconf 88' lang='lat' dir='ltr'>petram.</span> 
     </span>
    </p>

    <p class='ocr_par' dir='ltr' id='par_1_13' title="bbox 194 2136 905 2606">
     <span class='ocr_line' id='line_1_31' title="bbox 259 2136 905 2192; baseline 0.006 -9"><span class='ocrx_word' id='word_1_96' title='bbox 259 2139 334 2184; x_wconf 70' lang='lat' dir='ltr'>Ad</span> <span class='ocrx_word' id='word_1_97' title='bbox 357 2136 650 2192; x_wconf 70' lang='lat' dir='ltr'>Benedicftus,</span> <span class='ocrx_word' id='word_1_98' title='bbox 672 2139 791 2185; x_wconf 74' lang='grc' dir='ltr'>Αῆτι.</span> <span class='ocrx_word' id='word_1_99' title='bbox 818 2140 905 2187; x_wconf 87' lang='lat' dir='ltr'>Za-</span> 
     </span>
     <span class='ocr_line' id='line_1_32' title="bbox 194 2198 899 2255; baseline 0 -9"><span class='ocrx_word' id='word_1_100' title='bbox 194 2200 342 2247; x_wconf 86' lang='lat' dir='ltr'>chaee</span> <span class='ocrx_word' id='word_1_101' title='bbox 363 2199 384 2224; x_wconf 47' lang='lat' dir='ltr'>a</span> <span class='ocrx_word' id='word_1_102' title='bbox 401 2198 628 2248; x_wconf 83' lang='lat' dir='ltr'>festinans</span> <span class='ocrx_word' id='word_1_103' title='bbox 648 2200 899 2255; x_wconf 81' lang='lat' dir='ltr'>descende,</span> 
     </span>
     <span class='ocr_line' id='line_1_33' title="bbox 196 2260 902 2331; baseline 0.001 -25"><span class='ocrx_word' id='word_1_104' title='bbox 196 2262 310 2318; x_wconf 86' lang='lat' dir='ltr'>quia</span> <span class='ocrx_word' id='word_1_105' title='bbox 349 2260 495 2307; x_wconf 77' lang='lat' dir='ltr'>hedie</span> <span class='ocrx_word' id='word_1_106' title='bbox 535 2262 583 2306; x_wconf 88' lang='lat' dir='ltr'>in</span> <span class='ocrx_word' id='word_1_107' title='bbox 626 2263 776 2307; x_wconf 89' lang='lat' dir='ltr'>domo</span> <span class='ocrx_word' id='word_1_108' title='bbox 817 2268 902 2331; x_wconf 73' lang='lat' dir='ltr'>tua</span> 
     </span>
     <span class='ocr_line' id='line_1_34' title="bbox 197 2320 904 2449; baseline 0.003 -26"><span class='ocrx_word' id='word_1_109' title='bbox 197 2320 904 2449; x_wconf 50' lang='lat' dir='ltr'>ssessssssssffisscffiisei‘sllffi</span> 
     </span>
     <span class='ocr_line' id='line_1_35' title="bbox 196 2439 903 2497; baseline 0.001 -12"><span class='ocrx_word' id='word_1_110' title='bbox 196 2439 323 2496; x_wconf 73' lang='lat' dir='ltr'>oepit</span> <span class='ocrx_word' id='word_1_111' title='bbox 352 2439 482 2483; x_wconf 84' lang='lat' dir='ltr'>illurn</span> <span class='ocrx_word' id='word_1_112' title='bbox 510 2441 726 2497; x_wconf 88' lang='lat' dir='ltr'>gaudens</span> <span class='ocrx_word' id='word_1_113' title='bbox 747 2441 796 2485; x_wconf 89' lang='lat' dir='ltr'>in</span> <span class='ocrx_word' id='word_1_114' title='bbox 818 2441 903 2485; x_wconf 89' lang='lat' dir='ltr'>do-</span> 
     </span>
     <span class='ocr_line' id='line_1_36' title="bbox 197 2498 903 2545; baseline 0.003 -2"><span class='ocrx_word' id='word_1_115' title='bbox 197 2511 330 2543; x_wconf 88' lang='lat' dir='ltr'>mum</span> <span class='ocrx_word' id='word_1_116' title='bbox 377 2510 527 2543; x_wconf 85' lang='lat' dir='ltr'>suam.</span> <span class='ocrx_word' id='word_1_117' title='bbox 586 2498 748 2545; x_wconf 79' lang='lat' dir='ltr'>Hedie</span> <span class='ocrx_word' id='word_1_118' title='bbox 792 2500 903 2545; x_wconf 87' lang='lat' dir='ltr'>huic</span> 
     </span>
     <span class='ocr_line' id='line_1_37' title="bbox 196 2556 903 2606; baseline 0.001 -1"><span class='ocrx_word' id='word_1_119' title='bbox 196 2556 361 2605; x_wconf 77' lang='lat' dir='ltr'>demui</span> <span class='ocrx_word' id='word_1_120' title='bbox 393 2557 521 2603; x_wconf 87' lang='lat' dir='ltr'>salus</span> <span class='ocrx_word' id='word_1_121' title='bbox 556 2570 588 2603; x_wconf 84' lang='lat' dir='ltr'>a</span> <span class='ocrx_word' id='word_1_122' title='bbox 626 2558 734 2605; x_wconf 89' lang='lat' dir='ltr'>Deo</span> <span class='ocrx_word' id='word_1_123' title='bbox 772 2558 903 2606; x_wconf 69' lang='lat' dir='ltr'>faeta</span> 
     </span>
    </p>
   </div>
   <div class='ocr_carea' id='block_1_3' title="bbox 194 2615 907 2731">
    <p class='ocr_par' dir='ltr' id='par_1_14' title="bbox 194 2615 907 2731">
     <span class='ocr_line' id='line_1_38' title="bbox 194 2615 510 2671; baseline 0 -6"><span class='ocrx_word' id='word_1_124' title='bbox 194 2625 279 2671; x_wconf 77' lang='lat' dir='ltr'>est,</span> <span class='ocrx_word' id='word_1_125' title='bbox 305 2615 510 2665; x_wconf 66' lang='lat' dir='ltr'>alleleia.</span> 
     </span>
     <span class='ocr_line' id='line_1_39' title="bbox 263 2672 907 2731; baseline 0.005 -13"><span class='ocrx_word' id='word_1_126' title='bbox 263 2675 316 2718; x_wconf 87' lang='lat' dir='ltr'>ln</span> <span class='ocrx_word' id='word_1_127' title='bbox 345 2672 451 2731; x_wconf 87' lang='lat' dir='ltr'>ipso</span> <span class='ocrx_word' id='word_1_128' title='bbox 483 2674 560 2718; x_wconf 80' lang='lat' dir='ltr'>die</span> <span class='ocrx_word' id='word_1_129' title='bbox 583 2674 907 2722; x_wconf 80' lang='lat' dir='ltr'>Dedicationis</span> 
     </span>
    </p>
   </div>
   <div class='ocr_carea' id='block_1_4' title="bbox 198 2735 908 2962">
    <p class='ocr_par' dir='ltr' id='par_1_15' title="bbox 198 2735 908 2962">
     <span class='ocr_line' id='line_1_40' title="bbox 201 2735 900 2790; baseline 0 -11"><span class='ocrx_word' id='word_1_130' title='bbox 201 2735 453 2784; x_wconf 79' lang='lat' dir='ltr'>Ecclesiae,</span> <span class='ocrx_word' id='word_1_131' title='bbox 481 2741 529 2779; x_wconf 81' lang='lat' dir='ltr'>ct</span> <span class='ocrx_word' id='word_1_132' title='bbox 551 2748 634 2790; x_wconf 81' lang='lat' dir='ltr'>pet·</span> <span class='ocrx_word' id='word_1_133' title='bbox 654 2735 900 2788; x_wconf 70' lang='lat' dir='ltr'>Oetavam,</span> 
     </span>
     <span class='ocr_line' id='line_1_41' title="bbox 198 2795 908 2852; baseline -0.003 -12"><span class='ocrx_word' id='word_1_134' title='bbox 198 2804 243 2840; x_wconf 85' lang='lat' dir='ltr'>et</span> <span class='ocrx_word' id='word_1_135' title='bbox 260 2796 456 2852; x_wconf 77' lang='lat' dir='ltr'>quando</span> <span class='ocrx_word' id='word_1_136' title='bbox 469 2796 696 2838; x_wconf 73' lang='lat' dir='ltr'>varianda</span> <span class='ocrx_word' id='word_1_137' title='bbox 711 2803 780 2840; x_wconf 86' lang='lat' dir='ltr'>cst</span> <span class='ocrx_word' id='word_1_138' title='bbox 791 2795 908 2840; x_wconf 77' lang='lat' dir='ltr'>Ora-</span> 
     </span>
     <span class='ocr_line' id='line_1_42' title="bbox 201 2855 905 2900; baseline -0.001 0"><span class='ocrx_word' id='word_1_139' title='bbox 201 2857 268 2900; x_wconf 91' lang='lat' dir='ltr'>tio</span> <span class='ocrx_word' id='word_1_140' title='bbox 299 2856 362 2899; x_wconf 85' lang='lat' dir='ltr'>ob</span> <span class='ocrx_word' id='word_1_141' title='bbox 384 2868 668 2899; x_wconf 82' lang='lat' dir='ltr'>concursum</span> <span class='ocrx_word' id='word_1_142' title='bbox 703 2855 905 2900; x_wconf 79' lang='lat' dir='ltr'>Dedica-</span> 
     </span>
     <span class='ocr_line' id='line_1_43' title="bbox 201 2914 841 2962; baseline 0.003 -2"><span class='ocrx_word' id='word_1_143' title='bbox 201 2915 341 2961; x_wconf 87' lang='lat' dir='ltr'>tionis</span> <span class='ocrx_word' id='word_1_144' title='bbox 361 2914 555 2961; x_wconf 84' lang='lat' dir='ltr'>alterius</span> <span class='ocrx_word' id='word_1_145' title='bbox 587 2915 841 2962; x_wconf 79' lang='lat' dir='ltr'>Ecclesiae.</span> 
     </span>
    </p>
   </div>
   <div class='ocr_carea' id='block_1_5' title="bbox 1515 281 1676 339">
    <p class='ocr_par' dir='ltr' id='par_1_16' title="bbox 1515 281 1676 339">
     <span class='ocr_line' id='line_1_44' title="bbox 1515 281 1676 339; baseline 0.019 -3"><span class='ocrx_word' id='word_1_146' title='bbox 1515 281 1676 339; x_wconf 84' lang='lat' dir='ltr'>cxliii.</span> 
     </span>
    </p>
   </div>
   <div class='ocr_carea' id='block_1_6' title="bbox 972 439 1686 1411">
    <p class='ocr_par' dir='ltr' id='par_1_17' title="bbox 1234 439 1413 484">
     <span class='ocr_line' id='line_1_45' title="bbox 1234 439 1413 484; baseline 0.011 -2"><span class='ocrx_word' id='word_1_147' title='bbox 1234 439 1413 484; x_wconf 78' lang='lat' dir='ltr'>Oratio.</span> 
     </span>
    </p>

    <p class='ocr_par' dir='ltr' id='par_1_18' title="bbox 973 507 1686 1215">
     <span class='ocr_line' id='line_1_46' title="bbox 1128 507 1686 567; baseline 0.007 -14"><span class='ocrx_word' id='word_1_148' title='bbox 1128 507 1273 561; x_wconf 87' lang='lat' dir='ltr'><strong>EUS,</strong></span> <span class='ocrx_word' id='word_1_149' title='bbox 1296 508 1377 567; x_wconf 90' lang='lat' dir='ltr'>qui</span> <span class='ocrx_word' id='word_1_150' title='bbox 1394 508 1686 558; x_wconf 75' lang='lat' dir='ltr'>invisibiliter</span> 
     </span>
     <span class='ocr_line' id='line_1_47' title="bbox 1156 568 1682 623; baseline 0 -7"><span class='ocrx_word' id='word_1_151' title='bbox 1156 568 1321 616; x_wconf 79' lang='lat' dir='ltr'>emnia</span> <span class='ocrx_word' id='word_1_152' title='bbox 1371 569 1598 623; x_wconf 77' lang='lat' dir='ltr'>centines,</span> <span class='ocrx_word' id='word_1_153' title='bbox 1635 578 1682 616; x_wconf 89' lang='lat' dir='ltr'>et</span> 
     </span>
     <span class='ocr_line' id='line_1_48' title="bbox 974 628 1682 688; baseline 0.006 -16"><span class='ocrx_word' id='word_1_154' title='bbox 974 634 1134 673; x_wconf 88' lang='lat' dir='ltr'>tamen</span> <span class='ocrx_word' id='word_1_155' title='bbox 1177 642 1265 687; x_wconf 91' lang='lat' dir='ltr'>pro</span> <span class='ocrx_word' id='word_1_156' title='bbox 1304 628 1459 676; x_wconf 74' lang='lat' dir='ltr'>saltite</span> <span class='ocrx_word' id='word_1_157' title='bbox 1497 630 1682 688; x_wconf 88' lang='lat' dir='ltr'>generis</span> 
     </span>
     <span class='ocr_line' id='line_1_49' title="bbox 974 687 1682 747; baseline 0.006 -15"><span class='ocrx_word' id='word_1_158' title='bbox 974 687 1169 734; x_wconf 70' lang='lat' dir='ltr'>humeni</span> <span class='ocrx_word' id='word_1_159' title='bbox 1205 689 1342 747; x_wconf 85' lang='lat' dir='ltr'>signa</span> <span class='ocrx_word' id='word_1_160' title='bbox 1373 697 1484 735; x_wconf 89' lang='lat' dir='ltr'>tuae</span> <span class='ocrx_word' id='word_1_161' title='bbox 1515 690 1682 747; x_wconf 88' lang='lat' dir='ltr'>poten-</span> 
     </span>
     <span class='ocr_line' id='line_1_50' title="bbox 977 747 1684 796; baseline 0.007 -5"><span class='ocrx_word' id='word_1_162' title='bbox 977 747 1071 792; x_wconf 85' lang='lat' dir='ltr'>tiae</span> <span class='ocrx_word' id='word_1_163' title='bbox 1078 748 1553 796; x_wconf 87' lang='lat' dir='ltr'>visibiliterostendis:</span> <span class='ocrx_word' id='word_1_164' title='bbox 1572 757 1684 796; x_wconf 88' lang='lat' dir='ltr'>tem·</span> 
     </span>
     <span class='ocr_line' id='line_1_51' title="bbox 976 807 1680 866; baseline 0.006 -14"><span class='ocrx_word' id='word_1_165' title='bbox 976 807 1108 864; x_wconf 85' lang='lat' dir='ltr'>plum</span> <span class='ocrx_word' id='word_1_166' title='bbox 1129 808 1221 853; x_wconf 91' lang='lat' dir='ltr'>hoc</span> <span class='ocrx_word' id='word_1_167' title='bbox 1242 810 1456 866; x_wconf 85' lang='lat' dir='ltr'>potentia</span> <span class='ocrx_word' id='word_1_168' title='bbox 1479 818 1589 856; x_wconf 84' lang='lat' dir='ltr'>tuae</span> <span class='ocrx_word' id='word_1_169' title='bbox 1612 810 1680 855; x_wconf 86' lang='lat' dir='ltr'>in-</span> 
     </span>
     <span class='ocr_line' id='line_1_52' title="bbox 974 866 1682 923; baseline 0.01 -13"><span class='ocrx_word' id='word_1_170' title='bbox 974 866 1283 914; x_wconf 76' lang='lat' dir='ltr'>habitatienis</span> <span class='ocrx_word' id='word_1_171' title='bbox 1295 868 1486 923; x_wconf 64' lang='lat' dir='ltr'>illestra,</span> <span class='ocrx_word' id='word_1_172' title='bbox 1505 879 1553 916; x_wconf 91' lang='lat' dir='ltr'>et</span> <span class='ocrx_word' id='word_1_173' title='bbox 1569 884 1682 916; x_wconf 87' lang='lat' dir='ltr'>con-</span> 
     </span>
     <span class='ocr_line' id='line_1_53' title="bbox 974 926 1680 988; baseline 0.006 -16"><span class='ocrx_word' id='word_1_174' title='bbox 974 926 1119 980; x_wconf 86' lang='lat' dir='ltr'>cede;</span> <span class='ocrx_word' id='word_1_175' title='bbox 1164 935 1217 973; x_wconf 88' lang='lat' dir='ltr'>ut</span> <span class='ocrx_word' id='word_1_176' title='bbox 1250 942 1428 983; x_wconf 85' lang='lat' dir='ltr'>omnes,</span> <span class='ocrx_word' id='word_1_177' title='bbox 1469 931 1551 988; x_wconf 90' lang='lat' dir='ltr'>qui</span> <span class='ocrx_word' id='word_1_178' title='bbox 1587 931 1680 976; x_wconf 89' lang='lat' dir='ltr'>huc</span> 
     </span>
     <span class='ocr_line' id='line_1_54' title="bbox 974 985 1681 1044; baseline 0.006 -13"><span class='ocrx_word' id='word_1_179' title='bbox 974 985 1270 1044; x_wconf 76' lang='lat' dir='ltr'>deprecatt&#39;tri</span> <span class='ocrx_word' id='word_1_180' title='bbox 1292 989 1590 1042; x_wconf 86' lang='lat' dir='ltr'>conveniunt.</span> <span class='ocrx_word' id='word_1_181' title='bbox 1623 1003 1681 1035; x_wconf 86' lang='lat' dir='ltr'>ex</span> 
     </span>
     <span class='ocr_line' id='line_1_55' title="bbox 973 1046 1681 1104; baseline 0.004 -12"><span class='ocrx_word' id='word_1_182' title='bbox 973 1046 1276 1104; x_wconf 82' lang='lat' dir='ltr'>quact&#39;unque</span> <span class='ocrx_word' id='word_1_183' title='bbox 1297 1048 1598 1095; x_wconf 77' lang='lat' dir='ltr'>tribulatiene</span> <span class='ocrx_word' id='word_1_184' title='bbox 1616 1051 1681 1095; x_wconf 91' lang='lat' dir='ltr'>ad</span> 
     </span>
     <span class='ocr_line' id='line_1_56' title="bbox 974 1107 1681 1160; baseline 0.004 -9"><span class='ocrx_word' id='word_1_185' title='bbox 974 1115 1021 1152; x_wconf 91' lang='lat' dir='ltr'>te</span> <span class='ocrx_word' id='word_1_186' title='bbox 1052 1107 1369 1160; x_wconf 78' lang='lat' dir='ltr'>clamaverint.</span> <span class='ocrx_word' id='word_1_187' title='bbox 1396 1109 1681 1155; x_wconf 67' lang='lat' dir='ltr'>consolati&amp;-</span> 
     </span>
     <span class='ocr_line' id='line_1_57' title="bbox 973 1167 1680 1215; baseline 0.004 -3"><span class='ocrx_word' id='word_1_188' title='bbox 973 1167 1047 1212; x_wconf 90' lang='lat' dir='ltr'>nis</span> <span class='ocrx_word' id='word_1_189' title='bbox 1083 1176 1195 1213; x_wconf 87' lang='lat' dir='ltr'>tuae</span> <span class='ocrx_word' id='word_1_190' title='bbox 1240 1168 1471 1213; x_wconf 77' lang='lat' dir='ltr'>beneficia</span> <span class='ocrx_word' id='word_1_191' title='bbox 1516 1182 1680 1215; x_wconf 88' lang='lat' dir='ltr'>conse·</span> 
     </span>
    </p>

    <p class='ocr_par' dir='ltr' id='par_1_19' title="bbox 972 1225 1674 1411">
     <span class='ocr_line' id='line_1_58' title="bbox 972 1225 1638 1285; baseline 0.008 -13"><span class='ocrx_word' id='word_1_192' title='bbox 972 1225 1193 1285; x_wconf 70' lang='lat' dir='ltr'>quantur.</span> <span class='ocrx_word' id='word_1_193' title='bbox 1253 1228 1343 1274; x_wconf 90' lang='lat' dir='ltr'>Per</span> <span class='ocrx_word' id='word_1_194' title='bbox 1362 1227 1638 1277; x_wconf 61' lang='lat' dir='ltr'>Dominum.</span> 
     </span>
     <span class='ocr_line' id='line_1_59' title="bbox 1035 1288 1674 1338; baseline 0.009 -5"><span class='ocrx_word' id='word_1_195' title='bbox 1035 1288 1091 1333; x_wconf 85' lang='lat' dir='ltr'>In</span> <span class='ocrx_word' id='word_1_196' title='bbox 1121 1288 1451 1337; x_wconf 74' lang='lat' dir='ltr'>Anniversario</span> <span class='ocrx_word' id='word_1_197' title='bbox 1476 1290 1674 1338; x_wconf 81' lang='lat' dir='ltr'>Dedica-</span> 
     </span>
     <span class='ocr_line' id='line_1_60' title="bbox 973 1348 1665 1411; baseline 0.007 -17"><span class='ocrx_word' id='word_1_198' title='bbox 973 1348 1113 1396; x_wconf 86' lang='lat' dir='ltr'>tionis</span> <span class='ocrx_word' id='word_1_199' title='bbox 1132 1350 1383 1405; x_wconf 82' lang='lat' dir='ltr'>Ecclesiae,</span> <span class='ocrx_word' id='word_1_200' title='bbox 1398 1360 1443 1399; x_wconf 91' lang='lat' dir='ltr'>et</span> <span class='ocrx_word' id='word_1_201' title='bbox 1464 1368 1545 1411; x_wconf 79' lang='lat' dir='ltr'>pet·</span> <span class='ocrx_word' id='word_1_202' title='bbox 1562 1353 1665 1400; x_wconf 75' lang='lat' dir='ltr'>Oet.</span> 
     </span>
    </p>
   </div>
   <div class='ocr_carea' id='block_1_7' title="bbox 1227 1428 1406 1476">
    <p class='ocr_par' dir='ltr' id='par_1_20' title="bbox 1227 1428 1406 1476">
     <span class='ocr_line' id='line_1_61' title="bbox 1227 1428 1406 1476; baseline 0.011 -2"><span class='ocrx_word' id='word_1_203' title='bbox 1227 1428 1406 1476; x_wconf 76' lang='lat' dir='ltr'>Oratio.</span> 
     </span>
    </p>
   </div>
   <div class='ocr_carea' id='block_1_8' title="bbox 972 1500 1684 2207">
    <p class='ocr_par' dir='ltr' id='par_1_21' title="bbox 1126 1500 1684 1561">
     <span class='ocr_line' id='line_1_62' title="bbox 1126 1500 1684 1561; baseline 0.002 -14"><span class='ocrx_word' id='word_1_204' title='bbox 1126 1500 1271 1555; x_wconf 88' lang='lat' dir='ltr'>EUS,</span> <span class='ocrx_word' id='word_1_205' title='bbox 1310 1501 1391 1561; x_wconf 87' lang='lat' dir='ltr'>qui</span> <span class='ocrx_word' id='word_1_206' title='bbox 1428 1502 1567 1548; x_wconf 88' lang='lat' dir='ltr'>nobis</span> <span class='ocrx_word' id='word_1_207' title='bbox 1596 1516 1684 1560; x_wconf 89' lang='lat' dir='ltr'>per</span> 
     </span>
    </p>

    <p class='ocr_par' dir='ltr' id='par_1_22' title="bbox 972 1561 1684 2207">
     <span class='ocr_line' id='line_1_63' title="bbox 1154 1561 1684 1620; baseline 0.002 -14"><span class='ocrx_word' id='word_1_208' title='bbox 1154 1561 1365 1619; x_wconf 80' lang='lat' dir='ltr'>singulos</span> <span class='ocrx_word' id='word_1_209' title='bbox 1377 1575 1529 1607; x_wconf 90' lang='lat' dir='ltr'>annos</span> <span class='ocrx_word' id='word_1_210' title='bbox 1541 1562 1684 1620; x_wconf 75' lang='lat' dir='ltr'>huJus</span> 
     </span>
     <span class='ocr_line' id='line_1_64' title="bbox 972 1620 1681 1678; baseline 0.003 -14"><span class='ocrx_word' id='word_1_211' title='bbox 972 1632 1059 1664; x_wconf 87' lang='lat' dir='ltr'>san</span> <span class='ocrx_word' id='word_1_212' title='bbox 1112 1620 1127 1665; x_wconf 88' lang='lat' dir='ltr'>i</span> <span class='ocrx_word' id='word_1_213' title='bbox 1189 1621 1352 1678; x_wconf 89' lang='lat' dir='ltr'>templi</span> <span class='ocrx_word' id='word_1_214' title='bbox 1403 1622 1471 1666; x_wconf 88' lang='lat' dir='ltr'>tui</span> <span class='ocrx_word' id='word_1_215' title='bbox 1518 1635 1681 1666; x_wconf 87' lang='lat' dir='ltr'>conse-</span> 
     </span>
     <span class='ocr_line' id='line_1_65' title="bbox 973 1679 1681 1738; baseline 0.004 -15"><span class='ocrx_word' id='word_1_216' title='bbox 973 1679 1197 1726; x_wconf 77' lang='lat' dir='ltr'>cratienis</span> <span class='ocrx_word' id='word_1_217' title='bbox 1227 1680 1419 1738; x_wconf 77' lang='lat' dir='ltr'>reparas</span> <span class='ocrx_word' id='word_1_218' title='bbox 1455 1680 1596 1733; x_wconf 87' lang='lat' dir='ltr'>diem,</span> <span class='ocrx_word' id='word_1_219' title='bbox 1633 1688 1681 1726; x_wconf 89' lang='lat' dir='ltr'>et</span> 
     </span>
     <span class='ocr_line' id='line_1_66' title="bbox 972 1740 1683 1799; baseline 0.001 -15"><span class='ocrx_word' id='word_1_220' title='bbox 972 1740 1118 1785; x_wconf 89' lang='lat' dir='ltr'>sacris</span> <span class='ocrx_word' id='word_1_221' title='bbox 1149 1753 1336 1797; x_wconf 90' lang='lat' dir='ltr'>semper</span> <span class='ocrx_word' id='word_1_222' title='bbox 1363 1740 1593 1799; x_wconf 74' lang='lat' dir='ltr'>mysteriis</span> <span class='ocrx_word' id='word_1_223' title='bbox 1612 1754 1683 1785; x_wconf 92' lang='lat' dir='ltr'>re·</span> 
     </span>
     <span class='ocr_line' id='line_1_67' title="bbox 974 1798 1682 1857; baseline 0.003 -14"><span class='ocrx_word' id='word_1_224' title='bbox 974 1798 1247 1857; x_wconf 79' lang='lat' dir='ltr'>praesentas</span> <span class='ocrx_word' id='word_1_225' title='bbox 1279 1799 1536 1846; x_wconf 77' lang='lat' dir='ltr'>incelumes</span> <span class='ocrx_word' id='word_1_226' title='bbox 1565 1835 1574 1845; x_wconf 93' lang='lat'>.</span> <span class='ocrx_word' id='word_1_227' title='bbox 1604 1814 1682 1845; x_wconf 92' lang='lat' dir='ltr'>ex·</span> 
     </span>
     <span class='ocr_line' id='line_1_68' title="bbox 972 1857 1678 1918; baseline 0.003 -15"><span class='ocrx_word' id='word_1_228' title='bbox 972 1857 1087 1904; x_wconf 77' lang='lat' dir='ltr'>audi</span> <span class='ocrx_word' id='word_1_229' title='bbox 1121 1873 1284 1916; x_wconf 90' lang='lat' dir='ltr'>preces</span> <span class='ocrx_word' id='word_1_230' title='bbox 1315 1859 1480 1918; x_wconf 74' lang='lat' dir='ltr'>pepuli</span> <span class='ocrx_word' id='word_1_231' title='bbox 1514 1858 1595 1912; x_wconf 89' lang='lat' dir='ltr'>tui,</span> <span class='ocrx_word' id='word_1_232' title='bbox 1632 1867 1678 1905; x_wconf 88' lang='lat' dir='ltr'>et</span> 
     </span>
     <span class='ocr_line' id='line_1_69' title="bbox 974 1919 1681 1978; baseline 0.001 -15"><span class='ocrx_word' id='word_1_233' title='bbox 974 1927 1202 1976; x_wconf 81' lang='lat' dir='ltr'>praesta:</span> <span class='ocrx_word' id='word_1_234' title='bbox 1239 1928 1293 1965; x_wconf 91' lang='lat' dir='ltr'>ut</span> <span class='ocrx_word' id='word_1_235' title='bbox 1333 1919 1547 1978; x_wconf 87' lang='lat' dir='ltr'>quisquis</span> <span class='ocrx_word' id='word_1_236' title='bbox 1586 1919 1681 1965; x_wconf 90' lang='lat' dir='ltr'>hoc</span> 
     </span>
     <span class='ocr_line' id='line_1_70' title="bbox 974 1977 1680 2038; baseline 0 -14"><span class='ocrx_word' id='word_1_237' title='bbox 974 1979 1205 2037; x_wconf 89' lang='lat' dir='ltr'>templum</span> <span class='ocrx_word' id='word_1_238' title='bbox 1242 1978 1472 2025; x_wconf 82' lang='lat' dir='ltr'>beneficia</span> <span class='ocrx_word' id='word_1_239' title='bbox 1508 1977 1680 2038; x_wconf 79' lang='lat' dir='ltr'>petitt&#39;t-</span> 
     </span>
     <span class='ocr_line' id='line_1_71' title="bbox 972 2039 1679 2098; baseline 0 -14"><span class='ocrx_word' id='word_1_240' title='bbox 972 2052 1052 2085; x_wconf 88' lang='lat' dir='ltr'>rus</span> <span class='ocrx_word' id='word_1_241' title='bbox 1100 2039 1372 2098; x_wconf 85' lang='lat' dir='ltr'>ingreditur,</span> <span class='ocrx_word' id='word_1_242' title='bbox 1414 2039 1588 2085; x_wconf 69' lang='lat' dir='ltr'>cuneta</span> <span class='ocrx_word' id='word_1_243' title='bbox 1627 2053 1679 2084; x_wconf 88' lang='lat' dir='ltr'>se</span> 
     </span>
     <span class='ocr_line' id='line_1_72' title="bbox 973 2098 1680 2158; baseline 0 -15"><span class='ocrx_word' id='word_1_244' title='bbox 973 2100 1249 2158; x_wconf 61' lang='lat' dir='ltr'>impetresse</span> <span class='ocrx_word' id='word_1_245' title='bbox 1295 2099 1506 2147; x_wconf 88' lang='lat' dir='ltr'>laetetur.</span> <span class='ocrx_word' id='word_1_246' title='bbox 1590 2098 1680 2145; x_wconf 89' lang='lat' dir='ltr'>Per</span> 
     </span>
     <span class='ocr_line' id='line_1_73' title="bbox 974 2159 1249 2207; baseline 0.011 -3"><span class='ocrx_word' id='word_1_247' title='bbox 974 2159 1249 2207; x_wconf 77' lang='lat' dir='ltr'>Deminum.</span> 
     </span>
    </p>
   </div>
   <div class='ocr_carea' id='block_1_9' title="bbox 1138 2255 1505 2293">
    <p class='ocr_par' dir='ltr' id='par_1_23' title="bbox 1138 2255 1505 2293">
     <span class='ocr_line' id='line_1_74' title="bbox 1138 2255 1505 2293; baseline 0.005 -2"><span class='ocrx_word' id='word_1_248' title='bbox 1138 2256 1216 2292; x_wconf 83' lang='lat' dir='ltr'>AD</span> <span class='ocrx_word' id='word_1_249' title='bbox 1245 2255 1505 2293; x_wconf 76' lang='lat' dir='ltr'><strong>TERTlAM.</strong></span> 
     </span>
    </p>
   </div>
   <div class='ocr_carea' id='block_1_10' title="bbox 971 2320 1679 2856">
    <p class='ocr_par' dir='ltr' id='par_1_24' title="bbox 1032 2320 1538 2368">
     <span class='ocr_line' id='line_1_75' title="bbox 1032 2320 1538 2368; baseline 0.006 -3"><span class='ocrx_word' id='word_1_250' title='bbox 1032 2323 1151 2367; x_wconf 68' lang='lat' dir='ltr'>Asta.</span> <span class='ocrx_word' id='word_1_251' title='bbox 1210 2320 1397 2368; x_wconf 88' lang='lat' dir='ltr'>Domus</span> <span class='ocrx_word' id='word_1_252' title='bbox 1417 2335 1538 2368; x_wconf 85' lang='lat' dir='ltr'>mea.</span> 
     </span>
    </p>

    <p class='ocr_par' dir='ltr' id='par_1_25' title="bbox 1034 2382 1513 2438">
     <span class='ocr_line' id='line_1_76' title="bbox 1034 2382 1513 2438; baseline 0.004 -14"><span class='ocrx_word' id='word_1_253' title='bbox 1034 2383 1188 2438; x_wconf 73' lang='lat' dir='ltr'>Capit.</span> <span class='ocrx_word' id='word_1_254' title='bbox 1239 2382 1364 2428; x_wconf 85' lang='lat' dir='ltr'>Vidi.</span> <span class='ocrx_word' id='word_1_255' title='bbox 1391 2382 1513 2427; x_wconf 89' lang='lat' dir='ltr'>cxlii.</span> 
     </span>
    </p>

    <p class='ocr_par' dir='ltr' id='par_1_26' title="bbox 971 2441 1679 2725">
     <span class='ocr_line' id='line_1_77' title="bbox 1034 2441 1669 2493; baseline 0.003 -9"><span class='ocrx_word' id='word_1_256' title='bbox 1034 2441 1103 2486; x_wconf 53' lang='lat' dir='ltr'>R?</span> <span class='ocrx_word' id='word_1_257' title='bbox 1154 2443 1218 2486; x_wconf 81' lang='lat' dir='ltr'>br.</span> <span class='ocrx_word' id='word_1_258' title='bbox 1268 2442 1481 2487; x_wconf 87' lang='lat' dir='ltr'>Domum</span> <span class='ocrx_word' id='word_1_259' title='bbox 1523 2448 1669 2493; x_wconf 86' lang='lat' dir='ltr'>tuam.</span> 
     </span>
     <span class='ocr_line' id='line_1_78' title="bbox 973 2499 1671 2553; baseline -0.001 -7"><span class='ocrx_word' id='word_1_260' title='bbox 973 2501 1094 2553; x_wconf 75' lang='lat' dir='ltr'>Dfle.</span> <span class='ocrx_word' id='word_1_261' title='bbox 1135 2501 1161 2514; x_wconf 85' lang='lat'><em>²</em></span> <span class='ocrx_word' id='word_1_262' title='bbox 1195 2501 1345 2547; x_wconf 86' lang='lat' dir='ltr'>Decet</span> <span class='ocrx_word' id='word_1_263' title='bbox 1385 2499 1671 2546; x_wconf 61' lang='lat' dir='ltr'>sanetitt&#39;ido.</span> 
     </span>
     <span class='ocr_line' id='line_1_79' title="bbox 973 2558 1679 2618; baseline -0.001 -13"><span class='ocrx_word' id='word_1_264' title='bbox 973 2561 1201 2606; x_wconf 88' lang='lat' dir='ltr'>Domum.</span> <span class='ocrx_word' id='word_1_265' title='bbox 1250 2558 1310 2617; x_wconf 59' lang='lat' dir='ltr'>Y.</span> <span class='ocrx_word' id='word_1_266' title='bbox 1346 2561 1400 2604; x_wconf 87' lang='lat' dir='ltr'>ln</span> <span class='ocrx_word' id='word_1_267' title='bbox 1421 2560 1679 2618; x_wconf 67' lang='lat' dir='ltr'>longitfldi·</span> 
     </span>
     <span class='ocr_line' id='line_1_80' title="bbox 971 2619 1678 2666; baseline 0.001 -2"><span class='ocrx_word' id='word_1_268' title='bbox 971 2633 1081 2665; x_wconf 87' lang='lat' dir='ltr'>nem</span> <span class='ocrx_word' id='word_1_269' title='bbox 1098 2620 1294 2665; x_wconf 88' lang='lat' dir='ltr'>dierum.</span> <span class='ocrx_word' id='word_1_270' title='bbox 1325 2619 1487 2665; x_wconf 88' lang='lat' dir='ltr'>Decet.</span> <span class='ocrx_word' id='word_1_271' title='bbox 1517 2619 1678 2666; x_wconf 75' lang='lat' dir='ltr'>Glcria</span> 
     </span>
     <span class='ocr_line' id='line_1_81' title="bbox 976 2679 1401 2725; baseline 0 -1"><span class='ocrx_word' id='word_1_272' title='bbox 976 2680 1118 2725; x_wconf 86' lang='lat' dir='ltr'>Patri.</span> <span class='ocrx_word' id='word_1_273' title='bbox 1177 2679 1401 2724; x_wconf 89' lang='lat' dir='ltr'>Domum.</span> 
     </span>
    </p>

    <p class='ocr_par' dir='ltr' id='par_1_27' title="bbox 972 2737 1679 2856">
     <span class='ocr_line' id='line_1_82' title="bbox 1033 2737 1679 2792; baseline 0.003 -9"><span class='ocrx_word' id='word_1_274' title='bbox 1033 2737 1091 2792; x_wconf 62' lang='lat' dir='ltr'>Y„</span> <span class='ocrx_word' id='word_1_275' title='bbox 1143 2739 1301 2784; x_wconf 87' lang='lat' dir='ltr'>Locus</span> <span class='ocrx_word' id='word_1_276' title='bbox 1351 2739 1438 2785; x_wconf 86' lang='lat' dir='ltr'>iste</span> <span class='ocrx_word' id='word_1_277' title='bbox 1484 2738 1679 2785; x_wconf 72' lang='lat' dir='ltr'>sanetus</span> 
     </span>
     <span class='ocr_line' id='line_1_83' title="bbox 972 2798 1672 2856; baseline 0.003 -12"><span class='ocrx_word' id='word_1_278' title='bbox 972 2806 1057 2853; x_wconf 89' lang='lat' dir='ltr'>est,</span> <span class='ocrx_word' id='word_1_279' title='bbox 1096 2799 1144 2843; x_wconf 89' lang='lat' dir='ltr'>in</span> <span class='ocrx_word' id='word_1_280' title='bbox 1176 2813 1274 2856; x_wconf 92' lang='lat' dir='ltr'>quo</span> <span class='ocrx_word' id='word_1_281' title='bbox 1305 2806 1409 2844; x_wconf 88' lang='lat' dir='ltr'>orat</span> <span class='ocrx_word' id='word_1_282' title='bbox 1439 2798 1672 2846; x_wconf 84' lang='lat' dir='ltr'>sacerdos.</span> 
     </span>
    </p>
   </div>
   <div class='ocr_carea' id='block_1_11' title="bbox 972 2855 1678 2977">
    <p class='ocr_par' dir='ltr' id='par_1_28' title="bbox 972 2855 1678 2977">
     <span class='ocr_line' id='line_1_84' title="bbox 972 2855 1678 2977; baseline 0.006 -76"><span class='ocrx_word' id='word_1_283' title='bbox 972 2855 1047 2977; x_wconf 48' lang='grc' dir='ltr'>ἓξ</span> <span class='ocrx_word' id='word_1_284' title='bbox 1073 2859 1171 2964; x_wconf 54' lang='grc' dir='ltr'>5ῐο</span> <span class='ocrx_word' id='word_1_285' title='bbox 1199 2858 1384 2906; x_wconf 69' lang='lat' dir='ltr'>delictis</span> <span class='ocrx_word' id='word_1_286' title='bbox 1403 2867 1450 2905; x_wconf 92' lang='lat' dir='ltr'>et</span> <span class='ocrx_word' id='word_1_287' title='bbox 1471 2858 1678 2918; x_wconf 73' lang='lat' dir='ltr'>peccetis</span> 
     </span>
     <span class='ocr_line' id='line_1_85' title="bbox 1041 2932 1153 2977; baseline 0.009 -13"><span class='ocrx_word' id='word_1_288' title='bbox 1041 2932 1075 2977; x_wconf 92' lang='lat' dir='ltr'>p</span> <span class='ocrx_word' id='word_1_289' title='bbox 1125 2932 1153 2965; x_wconf 90' lang='grc' dir='ltr'>ι.</span> 
     </span>
    </p>
   </div>
  </div>
 </body>
</html>
