2050 3392
391 267 552 322 clviii.

461 414 586 512 3111
619 422 849 512 festis
883 414 1001 498 ΊΒ.
1036 419 1368 518 &ariae
1410 414 1798 524 Uirginis

645 267 721 320 In
727 266 903 336 fistals·
924 265 993 318 B.
1021 264 1107 318 M.
1147 264 1201 317 V.
1229 267 1334 334 per
1354 281 1594 320 annum.

912 541 1038 598 PER
1074 555 1327 600 ANNUM.

1004 652 1107 660 —-

532 711 611 749 AD
650 712 934 750 VESPERAS.

444 766 561 832 Αῆξῑ-
595 775 725 820 Dum
738 782 862 820 esset
880 776 981 821 Rex
998 768 1022 790 ³*
1042 777 1092 821 in

388 833 609 880 accubitu
641 848 743 887 suo,
774 837 952 881 nardus
983 849 1092 881 mea

388 894 522 940 dedit
543 893 744 940 odorem
766 895 1024 941 suavitatis.

569 962 782 1009 psalmus
820 965 905 1009 cix.

443 1066 445 1068 ·
557 1086 579 1110 ’.-
611 1046 1094 1148 „wflgffilonggfilli

425 1162 463 1220 J:
577 1174 579 1180 ¹
615 1158 657 1200 '·:³
735 1124 739 1196 Ι
776 1166 898 1208 Sede
942 1180 970 1208 a
1018 1166 1096 1208 de-

511 1237 533 1257 x
563 1226 587 1238 ’·
774 1226 886 1267 xtris
910 1226 1024 1269 meis
1046 1240 1052 1267 :

689 1319 691 1321 .
834 1285 998 1327 Donec
1016 1299 1096 1341 po-

640 1379 643 1380 ⁷
772 1357 882 1385 nam
946 1345 1096 1387 inimi-

389 1413 601 1453 eosttios,
647 1403 904 1445 scabellum
920 1405 1094 1459 pedum

389 1463 596 1506 tuerum.

448 1519 646 1578 Virgam
727 1517 912 1566 virtutis
984 1533 1095 1566 tuae

389 1580 574 1625 emittet
607 1581 747 1626 Dfius
781 1595 838 1626 ex
875 1581 1030 1626 Sion:
1069 1579 1091 1604 Τ

391 1640 639 1686 dominere
666 1640 714 1685 in
751 1640 912 1686 medio
943 1641 1093 1685 inimi·

390 1699 556 1746 corum
579 1702 783 1747 tuorum.

450 1761 634 1806 Tecum
696 1760 980 1819 principium
1048 1760 1093 1805 in

392 1819 470 1864 die
484 1821 667 1866 virtutis
684 1827 795 1865 tuae
812 1821 859 1865 in
876 1820 1096 1877 splende—

391 1880 522 1923 ribus
544 1880 845 1925 sane‘terum:
870 1878 897 1903 Τ
918 1894 975 1925 ex
997 1879 1096 1925 ute-

390 1950 445 1983 ro
466 1946 579 1982 ante
600 1938 843 1983 luciferum
866 1939 1008 1996 genui
1032 1949 1091 1984 te.

443 1997 628 2059 Jurz'tvit
645 1998 795 2049 Dstus,
809 2006 857 2043 et
871 2012 966 2043 non
984 2012 1097 2056 poem

391 2056 558 2101 nitebit
580 2069 711 2101 eum:
725 2058 752 2082 Τ
774 2058 852 2101 Tu
872 2071 923 2103 es
944 2059 1097 2104 sacer-

391 2116 479 2159 dos
502 2115 549 2159 in
569 2115 817 2161 aeternum
834 2116 1093 2162 sect'mdum

390 2173 606 2219 erdinem
630 2175 996 2222 Melchisedech.

451 2233 689 2279 Dominus
702 2250 732 2280 a
748 2237 923 2282 dextris
940 2236 1047 2288 tuis,
1069 2237 1091 2263 Τ

389 2293 621 2351 confregit
657 2296 707 2339 in
740 2295 819 2341 die
853 2296 963 2343 irae,
981 2310 1096 2341 suae

389 2367 536 2411 reges.

440 2413 689 2476 ‘Judicebit
721 2414 769 2460 in
801 2415 1089 2468 natienibus,

389 2473 606 2531 implebit
662 2474 822 2519 ruinas
869 2488 880 2520 :
927 2472 953 2497 Τ
984 2488 1096 2519 con-

390 2533 635 2591 quassabit
676 2533 836 2591 capita
874 2533 924 2579 in
973 2541 1097 2579 terra

390 2593 662 2638 multorum.

449 2652 525 2697 De
540 2652 744 2698 torrente
757 2652 804 2696 in
818 2652 894 2696 via
906 2652 1055 2698 bibet:
1070 2650 1096 2675 Τ

388 2711 891 2815 ΡἚεὲέῐῖεῖξξέξὲῑ
910 2718 1095 2815 effi

385 2826 609 2873 accubitu
644 2842 747 2882 suo,
774 2830 952 2875 nardus
987 2842 1098 2875 mea

389 2884 518 2929 dedit
551 2886 749 2933 oderem
770 2888 1030 2935 suavitatis.

1220 654 1336 726 Asin.
1384 687 1546 733 Laeva
1581 688 1688 746 ejus
1723 686 1745 704 ⁴*
1780 688 1877 734 sub

1156 747 1313 807 ,capite
1348 761 1473 799 meo,
1500 757 1548 792 et
1587 749 1786 794 dextera
1819 749 1874 792 il·

1157 808 1246 853 lius
1265 807 1620 864 amplexabitur
1637 821 1732 853 me.

1338 890 1552 938 Psalmus
1575 894 1681 940 cxii.

1298 983 1346 1028 A
1362 983 1410 1028 U
1430 983 1477 1028 D
1494 983 1539 1028 A
1554 983 1601 1028 T
1617 983 1662 1028 E
1733 982 1868 1040 pueri

1330 1043 1496 1088 Dfium
1533 1057 1544 1088 :
1589 1041 1618 1066 Τ
1670 1043 1868 1088 laudate

1158 1113 1332 1147 nomen
1355 1102 1567 1149 Domini.

1216 1161 1286 1206 Sit
1308 1176 1484 1208 nomen
1508 1161 1708 1208 Demini
1730 1163 1870 1207 bene-

1159 1219 1354 1274 dietum
1384 1221 1411 1245 Τ
1432 1237 1490 1267 ex
1523 1222 1618 1266 hoc
1641 1235 1785 1274 nunc,
1819 1229 1866 1267 et

1160 1293 1311 1338 usque
1333 1283 1378 1326 in
1401 1282 1662 1328 saeculum.

1215 1342 1260 1386 A
1301 1342 1413 1386 solis
1454 1349 1564 1387 ortu
1605 1355 1760 1400 usque
1804 1342 1866 1386 ad

1159 1401 1402 1453 occasum,
1446 1399 1473 1423 Τ
1510 1401 1756 1447 laudabile
1783 1414 1868 1446 no-

1159 1473 1267 1505 men
1290 1460 1505 1507 Demini.

1218 1520 1445 1566 Excelsus
1495 1534 1642 1578 super
1702 1533 1865 1567 omnes

1156 1587 1322 1636 gentes
1345 1580 1596 1632 Dominus,
1617 1579 1646 1604 Τ
1660 1591 1708 1626 et
1729 1593 1868 1638 super

1158 1639 1316 1685 coelos
1337 1639 1489 1696 gloria
1510 1640 1626 1699 ejus.

1217 1699 1337 1755 Quis
1378 1700 1500 1745 sicut
1554 1701 1693 1745 Dfius
1736 1700 1863 1746 Deus

1159 1766 1330 1812 noster,
1353 1760 1434 1817 qui
1449 1760 1496 1804 in
1511 1760 1621 1805 altis
1636 1758 1860 1811 habitat?

1159 1825 1204 1863 et
1228 1820 1426 1863 humilia
1448 1819 1641 1877 respicit
1663 1820 1711 1864 in
1732 1820 1860 1865 coelo

1157 1885 1205 1922 et
1228 1878 1277 1923 in
1299 1880 1462 1924 terra?

1219 1938 1463 1983 Suscitans
1520 1952 1552 1984 a
1613 1946 1738 1984 terra
1795 1937 1859 1983 in·

1160 2010 1316 2055 opem,
1345 1996 1372 2021 Τ
1393 2006 1441 2043 et
1462 1998 1524 2043 de
1546 1999 1753 2044 stercore
1779 1996 1857 2043 eri-

1159 2070 1277 2114 gens
1299 2056 1562 2115 pauperem
1588 2071 1601 2102 z
1653 2100 1660 2106 .

1221 2116 1291 2162 Ut
1331 2117 1533 2164 collocet
1589 2130 1702 2163 eum
1756 2129 1855 2162 cum

1159 2176 1466 2234 principibus,
1494 2175 1523 2200 Τ
1554 2190 1667 2222 cum
1699 2175 1858 2235 princi-

1160 2236 1299 2283 nibus
1321 2236 1487 2295 populi
1510 2237 1597 2281 sui.

1217 2295 1312 2350 Qui
1348 2295 1565 2340 habitare
1591 2296 1707 2340 facit
1737 2293 1856 2341 steri·

1159 2356 1250 2399 lem
1271 2355 1319 2399 in
1341 2355 1502 2407 domo,
1530 2352 1560 2378 Τ
1593 2363 1794 2400 matrem
1810 2353 1855 2399 fi-

1161 2413 1327 2460 liorum
1361 2414 1633 2459 laetentem.

1210 2470 1246 2513 Α
1257 2473 1327 2514 ἄη.
1376 2473 1536 2518 Laeva
1557 2475 1661 2532 ejus
1684 2474 1772 2519 sub
1787 2471 1855 2519 d·

1161 2533 1257 2590 pite
1287 2545 1410 2585 meo,
1437 2540 1485 2578 et
1517 2533 1717 2579 dextera
1744 2533 1852 2579 illius

1158 2592 1507 2656 amplexabitur
1525 2606 1617 2638 me.

1208 2649 1243 2689 A
1255 2662 1324 2692 na.
1379 2652 1532 2709 Nigra

1899 2612 1902 2641 l

1572 2665 1694 2705 sum.
1713 2654 1737 2676 Τ
1778 2651 1851 2698 sed
1898 2676 1901 2706 ;

1157 2710 1379 2763 formesa,
1406 2710 1531 2756 filiae
1559 2711 1851 2773 Jerusalem:
1899 2718 1901 2726 ’

1161 2769 1270 2815 ideo
1292 2770 1454 2815 dilexit
1476 2783 1554 2815 me
1579 2770 1695 2821 Rex.
1723 2779 1767 2816 et
1793 2770 1852 2816 iu·

1159 2829 1370 2875 troduxit
1402 2841 1481 2875 me
1510 2829 1559 2875 in
1590 2830 1853 2877 cubiculum

1158 2901 1313 2935 suum.

1896 2878 1903 3008 i

1937 427 1939 474 A

1934 521 1936 553 r
