2050 3392
359 250 465 304 280
585 249 756 322 Infra
780 249 959 304 Hebd.
985 248 1214 304 tertiam
1236 245 1588 302 Novembris.

354 384 592 431 Dominus
647 386 792 438 Deus,
848 384 1057 443 populus

347 444 527 490 elec‘tus
552 446 601 491 in
629 444 1057 491 haereditatem.—

348 504 520 560 Quem.

404 568 480 629 R7‚
516 571 609 616 viii,
656 565 768 609 Duo
808 563 1058 622 Seraphim

345 623 616 670 clamabant
665 624 783 668 alter
830 624 895 668 ad
945 623 1059 669 alte-

347 696 453 727 rum
481 697 492 728 :
522 688 545 710 ὕ
579 682 798 735 Sanctus,
834 682 1054 734 Sanctus,

350 742 557 787 Sanctus
577 742 813 787 Dominus
826 742 960 787 Deus
974 741 1060 787 sa·

350 801 501 846 baoth
521 815 532 847 :
554 805 579 828 ὕ
615 802 761 847 Plena
800 809 873 848 est
901 802 1060 847 omnis

351 867 478 906 terra
504 860 657 919 gloria
685 862 802 919 ejus.
834 861 898 924 X(
938 862 1059 907 Tres

351 921 566 1025 ῗὲἓὲἓω
590 921 1061 1026 ὲῗιὶἶῗῧέἓξωὼὲἒ

351 1039 558 1098 Spiritus
576 1040 772 1086 sanctus
792 1054 803 1086 ε
828 1047 875 1085 et
895 1040 942 1084 hi
965 1047 1061 1085 tres

352 1113 502 1145 unum
516 1099 924 1150 sunt.—San<5h1s,
942 1099 1062 1144 San-

351 1159 473 1205 ctus.
528 1160 692 1205 Gloria
716 1159 856 1204 Patri.
916 1158 1063 1203 Plena

355 1225 430 1264 est
448 1219 605 1263 omnis
625 1227 763 1264 terra.

423 1353 624 1399 FERIA
644 1353 974 1402 SECUNDA.

406 1426 484 1471 De
513 1424 711 1471 Daniele
743 1425 995 1484 Propheta.

435 1503 602 1553 Lecffio
624 1504 655 1552 i.
727 1501 838 1561 Cap.
867 1501 911 1545 ii.
929 1515 965 1546 e.

375 1595 541 1659 773
587 1573 632 1618 U
666 1587 748 1619 rex
778 1573 985 1627 videbas,
1013 1581 1062 1620 et

374 1660 376 1670 ι
434 1653 473 1693 ,ν
516 1640 550 1668 ²³
613 1648 723 1679 ecce
744 1634 879 1692 quasi
903 1634 1064 1680 statua

375 1649 548 1765 fs}
614 1709 711 1741 una
724 1694 945 1754 grandis:
968 1693 1062 1741 sta-

377 1759 380 1764 “
399 1760 518 1788 Ὠ
615 1763 700 1800 tua
713 1756 793 1800 illa
808 1768 996 1812 magna,
1014 1763 1061 1800 et

349 1813 534 1859 statura
548 1815 762 1859 sublimis
777 1815 933 1859 stabat
950 1828 1062 1860 con·

352 1878 426 1917 tra
446 1881 506 1924 te,
532 1881 579 1918 et
601 1873 799 1919 intuitus
829 1874 932 1932 ejus
961 1882 1061 1919 erat

352 1931 584 1977 terribilia
670 1933 830 1978 Hu’us
876 1932 1062 1980 statuae

348 1998 493 2048 caput
514 2005 573 2035 ex
594 2005 712 2037 auro
766 1993 919 2050 ptimo
939 2002 1055 2046 erat,

347 2048 517 2106 pectus
535 2058 695 2095 autem
717 2059 763 2096 et
785 2052 980 2099 brachia
1000 2055 1062 2099 de

349 2109 561 2167 argento,
581 2123 723 2167 porro
740 2120 914 2165 venter,
933 2120 981 2158 et
997 2113 1061 2158 se·

349 2180 486 2213 mora
500 2182 558 2213 ex
570 2183 690 2215 aere.
717 2170 888 2215 Tibiae
899 2180 1060 2217 autem

348 2226 536 2281 ferreae,
592 2229 770 2286 pedum
821 2232 1062 2287 quaedam

348 2299 458 2343 pars
488 2296 589 2333 erat
621 2288 783 2339 ferrea,
823 2292 1058 2346 quaedam

348 2356 508 2392 autem
526 2347 700 2393 fictilis.
746 2347 958 2395 Videbas
974 2350 1053 2401 ita,

346 2406 500 2452 donec
517 2408 756 2453 absciSsus
772 2416 843 2452 est
860 2407 981 2465 lapis
997 2409 1059 2453 de

346 2473 508 2512 monte
521 2468 622 2512 sine
636 2467 855 2512 mdnibus
871 2481 881 2511 2
895 2475 941 2511 et
955 2481 1059 2535 per-

345 2524 490 2570 cussit
522 2527 726 2571 statuam
765 2526 812 2570 in
853 2525 1059 2583 pedibus

345 2585 447 2642 ejus
478 2585 637 2630 ferreis
667 2594 715 2630 et
744 2585 983 2639 fictilibus,
1011 2595 1058 2632 et

345 2644 625 2689 comminuit
645 2657 743 2689 eos.
786 2644 926 2690 Tunc
944 2660 1059 2691 con-

346 2701 456 2746 trita
494 2712 604 2748 sunt
652 2703 827 2762 pai-iter
861 2703 1052 2755 ferrum.

345 2764 479 2811 testa,
505 2775 599 2815 aes,
626 2767 890 2821 argentum,
911 2773 957 2809 et
975 2779 1060 2810 au-

346 2827 465 2867 rum.
490 2826 536 2863 et
555 2822 748 2870 redacta
772 2824 907 2880 quasi
922 2825 971 2870 in
987 2823 1059 2868 sa-

346 2873 503 2921 vsslam
525 2879 730 2930 aestivae
756 2882 912 2941 areae,
931 2898 1058 2944 quae

1120 389 1259 440 rapta
1269 390 1379 427 sunt
1391 388 1532 427 vento
1545 396 1556 427 :
1578 381 1844 441 nullusque

1120 442 1254 487 loeus
1284 441 1500 486 inventus
1529 448 1603 486 est
1632 440 1701 486 eis
1724 456 1735 487 :
1767 442 1842 486 la-

1120 502 1194 559 pis
1225 508 1398 552 autem,
1426 500 1508 558 qui
1536 499 1844 558 percusserat

1120 561 1343 614 statuam,
1384 559 1539 605 sactus
1578 568 1651 605 est
1695 574 1844 606 mons

1121 634 1341 679 magnus,
1385 628 1432 665 et
1473 619 1686 678 implevit
1727 621 1842 665 uni·

1121 680 1303 726 versam
1325 689 1512 725 terram.

1184 744 1261 806 RJ,
1295 739 1513 785 Redemit
1599 738 1844 798 populum

1121 814 1275 854 suum,
1303 808 1349 845 et
1378 798 1590 844 liberlwit
1615 812 1729 843 eum
1757 813 1768 844 :
1791 807 1845 844 et

1122 860 1322 912 venient,
1368 867 1415 904 et
1456 858 1738 903 exultabunt
1787 858 1845 903 in

1121 926 1286 965 monte
1306 918 1421 964 Sion
1443 932 1453 963 ε
1486 926 1534 962 et
1554 917 1844 975 gaudebunt

1121 979 1182 1023 de
1202 979 1342 1023 bonis
1363 976 1556 1023 Domini
1578 990 1723 1035 super
1744 976 1846 1022 fru-

1122 1038 1299 1089 mento,
1326 1037 1450 1088 vino,
1475 1045 1525 1081 et
1543 1036 1685 1082 oleo:
1720 1041 1746 1062 ⁴*
1775 1037 1845 1082 Et

1122 1097 1245 1142 ultra
1261 1111 1358 1143 non
1370 1096 1590 1142 esurient.
1629 1097 1692 1158 V·
1713 1096 1846 1141 Erit-

1121 1170 1217 1214 que
1229 1157 1391 1203 Anima
1402 1156 1567 1202 eorum
1580 1156 1719 1212 quasi
1730 1156 1846 1200 hor-

1123 1224 1200 1262 tus
1221 1215 1568 1274 irriguus—Et
1587 1215 1727 1261 ultra.

1362 1277 1528 1331 laetitio
1548 1279 1594 1327 ii.

1260 1335 1349 1383 OC
1369 1342 1442 1380 est
1466 1334 1704 1380 somnium
1734 1349 1745 1380 :
1769 1335 1842 1380 in-

1290 1395 1676 1453 terpretationem
1720 1408 1845 1452 quo-

1121 1468 1217 1514 que
1236 1455 1340 1515 ejus
1359 1454 1573 1499 dicemus
1589 1467 1755 1498 coram
1773 1462 1835 1506 te.

1123 1529 1218 1561 rex.
1291 1515 1370 1560 Tu
1391 1527 1472 1558 rex
1491 1527 1658 1571 regum
1675 1527 1728 1558 es
1747 1528 1758 1559 ε
1791 1522 1840 1559 et

1125 1575 1258 1620 Deus
1281 1574 1401 1620 coeli
1425 1587 1641 1632 regnum,
1668 1581 1717 1618 et
1747 1573 1843 1618 sor-

1124 1633 1388 1687 titudinem‚
1418 1642 1465 1679 et
1497 1631 1765 1691 imperium,
1791 1641 1839 1679 et

1122 1694 1322 1753 gloriam
1335 1694 1467 1740 dedit
1480 1693 1584 1739 tibi:
1599 1701 1646 1738 et
1657 1692 1836 1747 omnia,

1123 1756 1172 1799 in
1193 1755 1367 1813 quibus
1392 1754 1609 1800 habitant
1638 1752 1724 1798 mii
1753 1753 1842 1800 ho-

1122 1816 1319 1867 minum,
1371 1821 1420 1859 et
1464 1813 1646 1858 bestiae
1691 1813 1797 1871 agri
1825 1827 1838 1859 :

1123 1874 1334 1921 volucres
1353 1886 1545 1931 quoque
1562 1872 1682 1918 coeli
1702 1873 1840 1918 dedit

1123 1935 1172 1979 in
1192 1947 1339 1979 manu
1360 1942 1455 1984 tua,
1482 1940 1530 1976 et
1548 1932 1639 1976 sub
1654 1932 1839 1978 ditione

1123 2002 1207 2040 tua
1235 1991 1453 2038 universa
1481 1991 1763 2037 constituit:
1787 2000 1840 2036 tu

1122 2067 1174 2098 es
1193 2065 1308 2110 ergo
1327 2057 1474 2110 caput
1492 2050 1708 2097 aureum.
1777 2051 1838 2097 Et

1123 2119 1231 2170 post
1263 2119 1311 2156 te
1341 2107 1595 2168 consurget
1636 2124 1837 2169 regnum

1121 2172 1251 2217 aliud
1274 2171 1428 2216 minus
1448 2177 1497 2215 te
1515 2168 1799 2228 argenteum
1825 2184 1836 2215 :

1121 2241 1169 2277 et
1220 2244 1418 2289 regnum
1463 2229 1655 2275 tertium
1707 2229 1838 2276 aliud

1122 2304 1328 2342 aereum,
1386 2289 1520 2347 quod
1585 2288 1838 2348 imperabit

1123 2350 1368 2396 universae
1379 2357 1541 2395 terme.
1558 2349 1622 2394 Et
1635 2363 1836 2407 regnum

1156 2418 1344 2455 uartum
1370 2408 1456 2455 erit
1483 2408 1612 2454 velut
1644 2408 1836 2455 ferrum.

1122 2424 1383 2524 &uomodo
1423 2467 1598 2513 sermm
1640 2469 1841 2514 commi-

1123 2529 1239 2581 nuit,
1307 2537 1356 2573 et
1418 2529 1589 2574 domat
1653 2526 1833 2580 omnia.

1125 2588 1191 2632 sic
1213 2588 1507 2633 commInuet
1543 2594 1593 2633 et
1624 2587 1841 2634 conteret

1122 2646 1285 2692 omnia
1304 2647 1435 2692 haec.

1245 2753 1255 2763 ,
1290 2704 1555 2764 Angustiae
1580 2706 1696 2752 mihi
1730 2715 1841 2753 sunt

1122 2765 1189 2813 1'111
1227 2767 1348 2823 ‘que.
1394 2773 1442 2811 et
1491 2766 1610 2835 quid
1663 2765 1840 2824 eligam

1123 2827 1291 2885 ignoro
1316 2839 1327 2870 :
1362 2837 1387 2860 ἢ
1411 2825 1587 2871 Melius
1615 2833 1690 2871 est
1722 2826 1840 2874 mihi

1123 2886 1327 2933 incidere
1367 2886 1416 2930 in
1461 2898 1633 2931 manus
1685 2886 1842 2934 homi-
