2050 3392
354 258 454 309 4¹2
495 243 607 296 Die
629 257 701 295 20
725 241 897 310 Sept„
911 240 963 291 S
961 240 1021 292 S.
1044 236 1350 290 Eustachii
1363 241 1420 289 et
1433 251 1536 288 soc.
1564 233 1729 286 MM.

355 393 479 425 unus
519 378 607 424 fuit
648 390 834 435 semper
868 375 1062 434 spiritus

357 441 404 484 in
420 441 500 491 eis,
514 447 561 484 et
578 453 674 483 una
689 437 817 482 fides.
834 435 896 496 ΧΤ.
936 437 1062 480 Ecce

356 515 502 558 quam
527 501 706 544 bonum
738 506 785 542 et
815 509 960 553 quam
988 497 1063 553 ju-

356 561 566 605 cundum
588 558 799 603 habitare
827 556 993 600 fratres
1014 556 1062 600 in

356 618 710 675 unum—Quia
730 629 865 661 unus.

558 689 726 740 Leetio
748 689 840 737 viii.

502 768 548 812 O
559 767 604 811 N
619 767 655 810 1³
667 767 684 809 Ι
700 766 743 809 R
755 763 901 808 MAT
922 761 1066 820 igitur

532 840 615 872 eos
658 825 723 870 ad
766 822 1065 869 tolerantiam

356 886 646 946 passffinum,
673 885 830 942 fugae,
852 884 1066 928 verbera-

356 948 511 1000 tienis,
544 946 772 997 interituS,
808 952 855 989 et
886 941 1062 1001 publici

356 1009 404 1052 in
424 1021 508 1053 eos
537 1006 634 1053 edii
665 1013 860 1064 propter
891 1015 1065 1047 nomen
1095 1020 1100 1057 Ι

356 1071 472 1127 eJuS.
537 1069 696 1125 Atque
745 1066 819 1110 his
869 1063 1064 1122 quidem
1096 1074 1099 1075 ⁷

356 1127 682 1174 vexatienibus
722 1125 857 1170 multi
906 1123 1066 1167 turba-

357 1187 545 1239 bt'mtur,
571 1196 618 1233 et
650 1187 792 1232 tantis
823 1181 1066 1240 insurgen-

357 1249 483 1293 tibus
514 1247 650 1292 malis
678 1241 1066 1290 scandalizabun-
1098 1294 1099 1299 ¹

358 1317 445 1359 tur,
491 1315 539 1351 et
581 1319 729 1363 usque
765 1306 812 1348 in
844 1303 1064 1348 mutuum
1097 1301 1101 1351 ἰ

357 1364 871 1415 ediumexcitabt'mtur.
888 1365 950 1409 Et
959 1363 1064 1408 falsi
1097 1358 1101 1431 j

357 1426 617 1486 prophetae
648 1433 783 1470 erunt
816 1423 887 1480 (ut
920 1423 1066 1468 Nico·
1098 1438 1101 1478 ι

358 1487 462 1533 laus
497 1500 620 1531 unus
650 1499 708 1530 ex
738 1492 918 1543 septem
953 1482 1067 1526 Dia·
1098 1492 1102 1539 ᾗ

357 1547 557 1593 cenibus
616 1543 732 1603 fuit)
796 1542 1067 1599 multesque
1099 1542 1102 1589 1

359 1608 589 1653 ementita
641 1604 835 1650 veritate
884 1601 1068 1661 perver-

360 1676 463 1715 tent
478 1683 488 1714 ε
503 1677 550 1715 et
567 1665 841 1714 abundante
857 1661 1069 1721 nequitia

362 1730 567 1775 charitas
589 1727 869 1784 refrigescet.

418 1783 492 1846 R7.
540 1788 704 1834 Saneti
745 1786 850 1837 mei.
896 1783 976 1841 qui
1019 1783 1067 1826 in

361 1863 504 1896 carne
533 1848 690 1907 pesiti,
717 1845 952 1892 certemen
986 1843 1070 1887 ha-

362 1910 532 1955 buistis
548 1901 592 1954 z*
611 1907 882 1951 Mercedem
894 1903 1069 1949 laberis

362 1983 455 2026 ego
476 1969 675 2013 reddam
697 1966 842 2012 vobis.
885 1956 948 2020 JV.
977 1962 1071 2007 Ve-

365 2030 461 2073 nite
502 2026 740 2072 benedieti
776 2024 923 2069 Patris
957 2023 1064 2073 mei,

365 2088 591 2146 percipite
611 2082 1072 2144 regnum—Merce-

364 2150 490 2193 dem.
526 2143 692 2192 Gldria
714 2144 849 2191 Patri.
890 2141 1072 2187 Merce-

345 2209 491 2253 dem.

591 2276 757 2327 Lectio
779 2276 838 2325 ix.

498 2354 588 2399 ΕΙ)
630 2365 780 2409 usque
828 2350 874 2393 in
929 2348 1071 2403 finem

526 2410 928 2472 perseverentibus
947 2409 1072 2452 salus

367 2474 601 2520 reservata
629 2479 701 2517 est
730 2485 739 2516 :
771 2484 827 2514 ac
859 2476 958 2512 tum
990 2480 1073 2524 per

366 2547 533 2579 omnes
583 2532 707 2577 orbis
757 2536 915 2587 partes
965 2527 1072 2570 viris

364 2592 640 2651 apostelicis
659 2589 892 2647 dispersis,
918 2586 1073 2630 Evan-

365 2653 472 2709 gelii
505 2651 673 2695 veritas
709 2647 1067 2707 praedicabitur.

369 2711 431 2754 Et
452 2724 561 2754 cum
592 2710 815 2754 universis
837 2706 971 2751 suerit
993 2720 1073 2751 co-

366 2769 518 2824 gnitio
549 2767 827 2819 sacramenti
856 2766 1073 2812 coelestis

364 2826 562 2876 invecta,
591 2834 692 2870 tum
707 2826 969 2887 Jerusalem
992 2840 1072 2872 cc·

365 2884 502 2927 casus
543 2891 591 2927 ct
633 2884 741 2929 finis
779 2884 1019 2931 incumbet
1059 2900 1070 2930 :

1129 382 1179 420 ut
1212 370 1580 432 praedicatidnis
1611 369 1761 415 fidem
1797 379 1848 414 et

1129 435 1387 480 infidelium
1413 445 1583 490 poena,
1609 437 1656 475 et
1681 438 1848 475 metus

1128 495 1327 540 civitatis
1367 493 1530 537 erutae
1574 490 1848 548 consequa·

1129 564 1214 602 tur.
1255 555 1390 599 Haec
1413 553 1556 610 igitur
1575 553 1624 596 in
1640 565 1767 602 eam.
1792 560 1846 595 ut

1129 616 1313 660 fuerant
1338 612 1599 673 praedieta,
1625 610 1847 670 perrefita

1128 683 1238 720 sunt
1265 689 1275 719 ε
1297 682 1345 718 et
1376 672 1615 731 lapidetis,
1642 671 1841 728 fugatis,

1128 733 1384 792 peremptis
1403 733 1664 791 Apdstolis,
1693 730 1839 782 fame,

1128 789 1848 851 bello‚captiviteteconst'1mpta

1126 863 1214 901 est.
1259 855 1331 898 Ac
1352 862 1454 898 tum
1469 852 1557 897 suit
1577 851 1728 909 digna
1743 863 1846 895 non

1126 929 1242 965 esse,
1291 926 1402 958 cum
1441 910 1604 969 ejecitis
1651 911 1844 967 praedi-

1127 975 1368 1021 catdribus
1385 971 1572 1022 Christi.
1588 969 1842 1028 indignam

1130 1035 1220 1080 Dei
1241 1030 1594 1092 praedicatiene
1623 1042 1674 1075 se
1706 1043 1844 1087 prae-

1128 1097 1244 1141 buit.

1187 1157 1258 1200 Te
1281 1155 1438 1201 Deum
1458 1150 1725 1198 laudamus.
1754 1165 1822 1209 17.

1185 1206 1428 1265 Vesperae
1458 1218 1490 1252 a
1519 1204 1746 1265 Capituio
1783 1205 1845 1251 de

1127 1270 1212 1316 SS.
1268 1267 1542 1323 EustachiO,
1594 1276 1642 1311 et
1703 1268 1846 1313 sociis

1128 1330 1435 1388 Martyribus,
1471 1341 1581 1372 cum
1617 1327 1845 1373 Comme·

1126 1391 1397 1435 moratione
1444 1388 1722 1433 sanctorum
1762 1389 1847 1449 Ja—

1127 1450 1282 1496 nuarii
1312 1458 1357 1498 et
1378 1449 1631 1499 sociorum,
1661 1449 1847 1507 Marty-

1128 1523 1253 1563 rum.

1415 1611 1574 1619 ——aeq

1154 1675 1271 1723 DIE
1304 1673 1412 1721 XX.
1441 1671 1821 1720 SEPTEMBR.

1174 1751 1233 1797 In
1254 1749 1376 1796 festo
1398 1748 1480 1795 SS.
1510 1747 1759 1792 Eustachii
1782 1755 1829 1792 et

1210 1812 1466 1860 sociorum,
1496 1809 1784 1866 Martyrum.

1384 1870 1592 1927 Duplex.

1192 1945 1372 1993 Omnia
1392 1947 1453 1991 de
1470 1945 1729 1991 Communi
1746 1944 1853 2004 plu-

1132 2008 1362 2053 rimorum
1406 2007 1686 2064 Martyrum.
1733 2003 1842 2049 xliv.

1134 2076 1323 2126 praeter
1362 2080 1433 2118 ea,
1480 2080 1605 2123 quae
1645 2066 1724 2112 hic
1766 2079 1852 2123 po·

1135 2137 1314 2174 nuntur
1334 2127 1538 2187 propria.

1405 2211 1583 2260 Oratio,

1291 2287 1433 2339 EUS,
1455 2287 1536 2345 qui
1568 2299 1657 2331 nos
1678 2286 1852 2332 conce·

1319 2348 1390 2393 dis
1422 2345 1695 2392 sanc‘terum
1721 2346 1853 2392 Μάτ-

1139 2416 1296 2466 tyrum
1313 2407 1518 2457 merum,
1537 2406 1785 2451 EustAchii
1803 2415 1850 2451 et

1139 2468 1372 2514 socierum
1397 2468 1509 2525 ejus,
1531 2467 1750 2510 natalitia
1772 2466 1854 2511 ce-

1138 2529 1232 2572 lere
1260 2542 1270 2572 :
1303 2529 1367 2573 da
1396 2528 1534 2572 nobis
1565 2527 1613 2571 in
1656 2526 1854 2571 aeterna

1138 2586 1429 2633 beatitudine
1445 2587 1505 2631 dc
1521 2586 1686 2632 ebrum
1701 2586 1854 2630 socie-

1139 2647 1236 2692 tate
1277 2647 1495 2705 gaudere.
1551 2647 1640 2691 Per
1684 2646 1854 2690 Demi-

1140 2721 1269 2754 num.

1205 2767 1297 2815 Pro
1316 2767 1635 2814 Commemor.
1665 2765 1861 2814 saneto·

1140 2841 1247 2874 rum
1272 2830 1484 2893 Januarii
1518 2837 1562 2875 et
1597 2829 1856 2882 sociorum,

1144 2889 1265 2934 Αῆει.
1283 2885 1507 2931 Gaudent
1526 2885 1573 2930 in
1589 2884 1737 2930 coelis
1752 2884 1857 2931 ani-
