2050 3392
621 267 921 322 Commune
943 259 1362 333 Apostolorum.

301 394 364 438 Et
387 392 553 439 omnia
583 392 762 437 cornua
782 402 950 448 pecca-

240 453 397 498 torum
420 452 718 508 confringam
736 465 746 496 :
766 449 792 473 4*
805 459 853 496 et
868 465 946 496 ex-

239 511 518 557 altabt'mtur
538 511 717 556 cornua
734 511 860 568 Justi.

294 570 416 614 Ana.
466 569 817 615 Exaltabt'mtur
845 570 946 617 cor-

239 644 335 676 nua
352 631 482 690 Justi,
510 629 711 675 allelt'xia.

293 687 586 745 Antiphona.
621 689 725 734 Lux
748 697 853 735 orta
873 698 945 736 est

233 750 379 807 justo,
394 747 596 802 allelfiia,
611 746 789 794 *rec‘tis
804 750 946 795 corde

237 809 432 862 laetitia,
458 807 658 856 anemia.

413 899 631 946 Psalmus
656 898 774 945 xcvi.

391 989 664 1035 OMINUS
715 988 940 1047 regniwit,

419 1047 598 1093 extiltet
620 1056 742 1093 terra
764 1063 774 1093 ε
798 1047 825 1072 4*
847 1049 940 1093 lae-

238 1105 398 1152 teintur
418 1107 598 1152 insulae
620 1109 809 1152 multae.

299 1167 479 1219 Nubes,
518 1174 565 1211 et
597 1167 752 1224 caligo
783 1168 830 1211 in
854 1168 940 1212 cir-

235 1224 368 1270 cfiitu
389 1227 491 1283 ejus
514 1240 523 1270 :
543 1224 569 1248 4*
582 1227 777 1284 Justitia‚
800 1234 847 1271 et
865 1229 939 1285 ju-

235 1285 413 1329 dicium
431 1285 660 1331 correcstio
676 1287 800 1331 sedis
817 1288 932 1344 eJus.

299 1345 429 1402 Ignis
450 1351 561 1389 ante
583 1345 737 1402 ipsum
755 1346 943 1403 praece·

235 1404 330 1456 det,
352 1402 380 1427 4*
396 1411 443 1448 et
460 1403 774 1450 inflammabit
791 1406 839 1449 in
854 1405 941 1449 cir-

234 1462 367 1507 cnitu
389 1463 605 1508 inimicos
624 1465 737 1520 ejus.

297 1521 558 1568 Illuxorunt
609 1523 797 1580 ftilgura
838 1524 939 1581 ejus

234 1582 339 1626 orbi
358 1589 534 1627 terrae:
554 1581 581 1605 4*
595 1583 723 1635 vidit,
745 1591 793 1628 et
810 1597 939 1628 com-

235 1641 371 1688 mota
392 1647 465 1686 est
487 1649 621 1687 terra.

295 1701 507 1752 Montes,
531 1702 651 1747 sicut
670 1716 778 1747 cera
793 1702 939 1747 fluxe}-

232 1768 343 1805 runt
385 1774 416 1805 a
445 1760 564 1806 socie
596 1761 790 1807 Domini
818 1776 829 1807 z
862 1760 890 1785 4*
910 1776 940 1807 a

231 1820 353 1865 fdcie
376 1820 571 1865 Domini
593 1821 747 1866 omnis
770 1829 903 1865 terra„

291 1879 705 1925 Annuntiaverunt
727 1881 845 1926 coeli
865 1882 939 1938 ju-

233 1939 413 1984 stitiam
446 1940 546 1996 ejus
573 1954 583 1984 :
608 1938 635 1962 4*
656 1947 703 1984 et
725 1940 940 1985 videirunt

233 2011 401 2044 omnes
423 1997 586 2055 populi
603 1999 803 2056 gloriam
818 2001 930 2057 ejus.

293 2057 665 2103 Confundantur
676 2072 843 2104 omnes
857 2060 937 2116 qui

232 2116 438 2162 adorant
458 2118 695 2175 sculptilia
718 2132 727 2164 :
752 2117 779 2142 4*
794 2126 840 2163 et
858 2119 938 2175 qui

234 2175 502 2233 gloridntur
566 2178 617 2222 in
677 2178 937 2223 simuldcris

234 2249 344 2281 suls.

293 2294 509 2340 Adoreite
529 2309 638 2340 eum
656 2309 821 2341 omnes
842 2297 939 2341 An-

234 2354 326 2411 geli
351 2354 451 2411 ejus
474 2369 484 2399 t
510 2353 538 2378 4*
559 2356 751 2408 audivit,
780 2363 828 2400 et
851 2356 940 2400 lae-

237 2413 338 2458 tata
358 2421 428 2458 est
452 2414 578 2459 Sion.

297 2473 361 2517 Et
377 2473 703 2519 exultavdrunt
721 2474 846 2519 filiae
854 2475 941 2536 Ju-

236 2533 341 2584 dae,
370 2531 397 2555 4*
418 2540 613 2589 propter
629 2532 809 2591 judicia
841 2542 935 2587 tua,

239 2591 447 2637 Domine
470 2606 481 2636 ε

296 2650 538 2705 Quoniam
600 2659 652 2696 tu
707 2652 941 2698 Dominus

235 2710 508 2755 Altissimus
560 2725 704 2767 super
747 2721 938 2756 ornnem

237 2776 410 2814 terram
437 2784 447 2814 ε
482 2769 509 2793 4*
540 2771 678 2815 nimis
709 2769 941 2816 exaltatus

237 2841 288 2873 es
308 2841 452 2886 super
472 2842 637 2873 omnes
658 2831 787 2875 deos.

298 2888 393 2943 Qui
426 2887 622 2945 diligitis
660 2889 934 2943 Dominum,

1613 262 1726 321 xiii.

1028 392 1162 439 odite
1201 393 1381 440 malum
1410 409 1420 440 ε
1521 396 1733 442 custodit

1024 452 1262 498 Dominus
1310 455 1495 501 Animas
1544 455 1735 501 sanoto-

1023 527 1128 558 rutn
1152 515 1361 565 suorum,
1377 515 1438 558 de
1460 527 1606 559 manu
1622 528 1733 572 pec-

1023 574 1197 619 catoris
1217 574 1434 620 liberabit
1455 586 1550 618 eos.

1085 634 1192 678 Lux
1225 642 1331 679 orta
1365 640 1437 679 est
1469 633 1613 690 justo,
1683 639 1732 680 et

1023 693 1166 738 rthis
1187 694 1332 739 corde
1352 692 1548 738 laetitia.

1083 751 1348 797 Laetitmini
1386 754 1501 812 justi
1546 754 1593 798 in
1627 752 1726 798 Βό-

1020 811 1152 856 mino
1174 826 1184 856 :
1208 811 1235 835 4*
1256 820 1303 856 et
1325 812 1611 858 confitemini
1630 826 1727 857 me-

1019 870 1198 915 moriae
1212 871 1597 917 sandtificationis
1607 873 1646 929 ej
1652 885 1722 918 us,

1079 923 1199 969 Asia·
1231 930 1335 974 Lux
1359 938 1464 974 orta
1485 938 1555 976 est
1573 932 1718 988 justo,

1017 987 1219 1039 alleh'iia,
1248 989 1387 1034 reditis
1419 991 1561 1034 corde
1593 991 1725 1035 laeti-

1020 1049 1098 1101 tia,
1126 1047 1326 1094 allelt'iia.

1097 1101 1387 1158 Antiphon&
1474 1107 1724 1154 Custodi&-

1016 1167 1134 1212 bant
1157 1160 1184 1185 4*
1214 1166 1485 1212 testimonia
1519 1170 1633 1225 ejus,
1675 1176 1724 1214 et

1017 1225 1273 1284 praecepta
1293 1227 1408 1285 ejus,
1436 1226 1636 1273 allelt'iia.

1169 1315 1385 1363 Psalmus
1420 1315 1569 1362 xcviii.

1167 1405 1441 1452 OMINUS
1488 1404 1712 1463 regnavit,

1196 1465 1461 1510 irascamur
1480 1465 1671 1522 populi:
1691 1465 1718 1489 4*

1012 1524 1094 1580 qui
1115 1527 1251 1570 sedet
1275 1538 1419 1582 super
1438 1525 1477 1570 C
1481 1524 1709 1577 hembim,

1011 1584 1259 1629 movea'ttur
1280 1592 1414 1628 terra.

1073 1642 1209 1686 Dfius
1231 1643 1279 1686 in
1295 1643 1410 1687 Sion
1431 1655 1634 1701 magnus
1653 1656 1663 1686 ε
1688 1641 1715 1665 4*

1010 1710 1058 1747 et
1102 1702 1312 1747 excolsus
1357 1715 1500 1759 super
1549 1715 1716 1747 omnes

1011 1761 1232 1819 populos.

1071 1819 1400 1866 Confitez'mtur
1427 1820 1605 1867 nomini
1628 1828 1714 1865 tuo

1010 1894 1189 1937 magno
1217 1894 1226 1925 :
1260 1881 1487 1938 quoniam
1510 1880 1713 1925 terribile

1009 1946 1058 1985 et
1078 1939 1297 1985 sandium
1319 1948 1388 1985 est
1411 1955 1421 1985 ε
1445 1939 1472 1963 4*
1493 1949 1540 1986 et
1558 1941 1712 1985 honor

1009 2000 1132 2057 regis
1149 2000 1379 2058 judicium
1401 2000 1564 2057 diligit.

1068 2060 1145 2104 Tu
1162 2060 1337 2117 parasti
1355 2060 1661 2105 directiones:
1680 2058 1710 2084 4*

1004 2119 1239 2176 judicium
1291 2127 1338 2165 et
1385 2120 1618 2177 justitiam
1659 2119 1710 2164 in

1002 2178 1160 2240 Jacob
1183 2187 1234 2223 tu
1256 2178 1417 2224 fecisti.

1070 2238 1288 2283 Exaltdte
1340 2239 1503 2283 Diium
1552 2238 1708 2283 Deum

1007 2305 1237 2349 nostrum,
1260 2304 1308 2342 et
1323 2297 1520 2342 adorate
1535 2297 1713 2341 scabeil-

1008 2356 1107 2400 lum
1141 2358 1319 2412 pedum
1355 2357 1456 2413 ejus
1490 2370 1501 2401 :
1536 2355 1563 2379 4*
1595 2356 1714 2413 quo·

1008 2416 1137 2459 niam
1155 2415 1372 2460 sanotum
1396 2423 1478 2459 est.

1072 2474 1265 2532 Moyses
1301 2482 1348 2518 et
1376 2474 1537 2518 Aaron
1567 2473 1614 2517 in
1638 2487 1713 2518 sa-

1009 2533 1280 2578 cerdotibus
1303 2534 1403 2590 ejus
1431 2547 1442 2577 :
1481 2530 1507 2554 4*
1541 2539 1589 2577 et
1629 2532 1714 2578 Sei-

1009 2592 1136 2637 muel
1150 2593 1270 2636 inter
1281 2606 1376 2643 eos,
1396 2592 1476 2649 qui
1495 2592 1715 2637 invocant

1009 2665 1185 2696 nomen
1206 2652 1306 2707 eJus
1334 2666 1344 2696 z

1073 2710 1362 2755 Invocabant
1376 2710 1649 2763 Dominum,
1664 2719 1712 2756 et

1011 2771 1113 2827 ipse
1139 2769 1422 2814 exaudiebat
1451 2783 1534 2814 eos
1567 2784 1577 2814 :
1608 2768 1635 2793 4*
1666 2770 1716 2816 in

1010 2828 1236 2875 colomna
1262 2829 1401 2874 nubis
1433 2828 1716 2887 loquebatur

1008 2890 1075 2933 ad
1096 2900 1190 2934 eos,
