2050 3392
419 397 482 459 56⁷.
505 398 791 444 Laetemini
781 412 826 442 m
839 397 1062 447 Demino,

360 467 408 504 et
419 458 650 504 exultete
635 458 761 516 justi.
842 457 956 503 Et
969 457 1070 514 glo-

360 518 545 565 riemini
567 530 732 564 omnes
752 531 775 562 r
855 517 1046 562 ‘.corde

624 601 804 648 Oratio.

516 678 657 731 EUS,
714 678 795 735 qui
842 676 1074 724 hodierna

543 739 620 782 die
660 738 855 783 beatum
892 738 1074 794 Diony-

364 797 486 844 sium
499 797 759 855 Mertyrem
777 806 913 842 tuum
929 805 1074 854 atque

367 856 645 902 Pontificem
667 857 836 902 virtute
853 857 1074 902 consten-

363 917 457 962 tiae
478 916 526 960 in
550 916 773 974 passiene
803 915 1072 961 roborasti:

363 976 540 1033 quique
580 977 645 1020 illi
686 977 749 1021 ad
799 974 1075 1034 praedicen-

364 1036 480 1080 dum
496 1035 717 1093 gentibus
732 1035 931 1094 gloriam
944 1043 1074 1080 tuam

371 1093 616 1140 Rusticum
659 1103 706 1140 et
755 1095 1076 1140 Eleutherium

367 1154 548 1199 sociare
569 1154 793 1212 dignatus
815 1169 899 1200 es:
922 1154 1076 1199 tribue

367 1213 507 1259 nobis
566 1227 859 1271 quaesumus
910 1213 1076 1259 cerum

368 1272 641 1323 imitatiene,
673 1287 761 1331 pro
794 1272 957 1318 amere
991 1281 1078 1318 tuo

369 1331 597 1389 prespera
626 1333 792 1378 mundi
814 1331 1070 1390 despIcere,

368 1398 415 1435 et
449 1391 578 1436 nulla
618 1391 718 1448 ejus
753 1392 954 1437 adversa
985 1391 1078 1437 for-

370 1449 565 1496 midere.
637 1451 724 1496 Per
745 1451 1021 1497 Deminum.

427 1511 677 1557 Leetiones
700 1510 836 1569 primi
865 1509 1073 1557 Noetur-

364 1574 413 1617 ni
436 1573 494 1617 de
517 1574 758 1629 Scriptura
779 1581 1067 1617 occurrente.

430 1658 484 1703 Iu
508 1658 717 1704 secundo
742 1657 786 1702 N
793 1657 1008 1704 coturno,

614 1744 777 1788 Lec'tio
790 1743 845 1790 iv.

511 1826 1081 1887 ”³2³10NYSIUS

468 1885 544 1948 ’.ἴω
583 1890 597 1945 'ss
636 1887 949 1937 Atheniensis,
957 1899 1082 1931 unus

404 1986 407 1995 .
433 1947 521 2042 ἰη
584 1954 596 1991 .·
633 1960 691 1991 ex
779 1946 1082 2003 Areopagitis

542 2011 575 2032 '³²
629 2005 884 2078 judicibus,
903 2006 972 2049 vir
995 2005 1081 2050 suit

373 2067 503 2109 omni
536 2065 783 2110 doetrinae
811 2066 982 2123 genere
1015 2065 1083 2108 in-

374 2123 595 2169 struetus.
661 2125 756 2180 Qui
782 2138 892 2169 cum
922 2124 1083 2169 adhuc

376 2184 425 2227 in
462 2184 752 2229 Gentilitzitis
788 2184 943 2229 errere
983 2197 1081 2227 ver-

379 2243 575 2295 saretur,
619 2257 678 2288 eo
712 2244 789 2288 die
819 2256 917 2300 quo
948 2241 1082 2288 Chri-

380 2311 482 2348 stus
504 2302 743 2348 Deminus
762 2302 889 2347 cruci
910 2302 1083 2347 affixus

378 2369 462 2412 est,
486 2363 637 2407 solem
658 2370 842 2420 praeter
862 2360 1081 2406 naturam

377 2422 609 2467 defecisse
684 2421 1075 2471 animadvertens,

378 2481 669 2526 exclamasse
714 2480 915 2525 traditur
951 2494 961 2525 ε
998 2489 1081 2524 aut

378 2541 511 2585 Deus
540 2538 738 2585 naturae
767 2538 955 2596 petitur,
992 2547 1078 2584 aut

376 2600 542 2644 mundi
553 2600 774 2645 mechina
787 2599 1077 2646 dissolvetur

376 2659 473 2703 Sed
494 2672 605 2704 cum
629 2659 804 2704 Paulus
822 2658 1084 2717 Apestolus

378 2717 569 2764 veniens
576 2718 803 2770 Athenas,
818 2726 864 2763 et
881 2718 928 2762 in
936 2718 1083 2762 Areo·

377 2775 556 2831 pegum
606 2777 792 2828 duetus,
848 2776 1083 2823 rationem

377 2833 789 2892 reddidissetejus
818 2835 1076 2887 doetrinae.

358 262 464 330 466
503 265 611 318 Die
636 280 670 335 9
701 266 749 319 O
752 268 834 332 ἱ,
857 267 963 317 SS.
994 264 1279 332 Dionysii,
1304 267 1358 317 et
1381 278 1505 325 soc„
1535 261 1611 314 M
1610 261 1692 313 M
1688 302 1700 313 .

379 2901 523 2943 quam
585 2895 901 2948 praedicebat,
958 2895 1083 2940 affir-
1150 2908 1247 2941 non
1277 2895 1535 2942 timuerunt
1563 2894 1716 2941 saneti
1748 2895 1845 2946 Dei.

1136 409 1271 440 mans
1305 394 1548 441 Christum
1580 393 1857 440 Deminum

1135 455 1451 505 resurrexisse,
1516 462 1563 499 et
1630 454 1859 500 mortuos

1135 529 1304 561 omnes
1343 515 1391 560 in
1424 514 1571 559 vitam
1611 513 1858 560 redituros

1136 589 1254 627 esse,
1293 588 1403 620 cum
1438 573 1516 620 elii
1552 575 1705 624 multi,
1747 582 1856 619 tum

1136 637 1238 693 ipse
1259 634 1519 694 Dionysius
1540 634 1588 678 in
1605 634 1856 680 Christum

1138 695 1348 740 credidit.

1196 757 1268 816 RJ.
1307 753 1471 800 Saneti
1503 754 1584 804 tui,
1617 753 1849 804 Demine,

1140 803 1353 859 mirabile
1361 812 1601 859 consecuti
1620 813 1845 863 suntiter

1140 874 1392 919 servientes
1428 872 1697 930 praeceptis
1737 873 1848 923 tuis

1139 941 1193 979 ut
1244 933 1560 977 invenirentur
1601 932 1754 977 illaesi
1805 932 1856 976 in

1141 993 1279 1050 aquis
1311 991 1511 1038 validis:
1501 993 1553 1019 ·“
1585 991 1739 1036 Terra
1770 1004 1858 1049 ap-

1140 1052 1297 1111 peruit
1337 1050 1502 1096 Arida:
1544 1058 1591 1096 et
1632 1051 1682 1095 in
1726 1050 1855 1096 Mari

1141 1113 1285 1157 rubro
1294 1111 1369 1156 via
1377 1111 1478 1156 sine
1484 1111 1551 1155 im

1138 1171 1201 1231 Υ,
1231 1170 1474 1226 Queniam
1509 1168 1744 1228 percussit
1773 1182 1856 1227 pe·

1142 1239 1277 1282 tram,
1300 1239 1347 1276 et
1362 1229 1598 1274 fluxerunt
1618 1242 1788 1287 aquae,
1807 1237 1855 1273 et

1142 1290 1371 1336 torrentes
1422 1288 1787 1335 inundaverunt.
1795 1313 1849 1319 —-

1142 1350 1292 1396 Terra
1311 1349 1547 1407 apperuit.

1376 1443 1539 1491 Leetio
1564 1458 1602 1489 v,

1246 1525 1406 1581 TAQ
1423 1526 1468 1570 U
1485 1526 1529 1571 E
1563 1532 1612 1571 et
1644 1525 1854 1585 baptize-

1279 1593 1356 1631 tus
1372 1593 1463 1635 ‚est
1497 1586 1560 1630 ab
1596 1585 1846 1643 ApestolO.

1142 1653 1187 1691 et
1225 1645 1583 1691 Atheniensium
1613 1646 1853 1691 Ecclesiae

1143 1706 1422 1764 praefectus.
1458 1706 1553 1761 Qui
1566 1718 1680 1751 cum
1689 1707 1853 1764 postea

1146 1766 1353 1811 Romam
1404 1765 1620 1815 venisset,
1673 1779 1706 1811 a
1751 1765 1852 1811 Cle-

1143 1825 1302 1871 mente
1332 1823 1562 1870 Pontifice
1589 1825 1764 1870 missus
1783 1833 1849 1871 est

1144 1885 1192 1929 in
1263 1884 1468 1930 Gelliam
1547 1884 1851 1941 praedidindi

1145 1944 1391 2001 Evangelii
1408 1955 1565 1990 causa.
1587 1944 1747 1998 Quem
1762 1944 1852 1989 Lu·

1145 2003 1309 2050 tetiam
1359 2016 1512 2060 usque
1563 2003 1850 2049 Parisierum

1147 2062 1373 2109 Rusticus
1389 2062 1651 2120 Presbyter,
1659 2072 1708 2108 et
1719 2063 1850 2107 Eleu-

1144 2123 1323 2169 thet-ius
1347 2121 1591 2167 Dieconus
1614 2121 1849 2180 prosecuti

1146 2190 1253 2228 sunt
1270 2196 1280 2227 ε
1296 2182 1376 2226 ubi
1394 2195 1424 2226 a
1438 2181 1703 2227 Fescennio
1724 2194 1850 2239 prae·

1146 2241 1271 2287 feeto
1292 2242 1423 2298 quod
1444 2241 1622 2286 multos
1650 2242 1714 2286 ad
1738 2240 1850 2286 chri-

1146 2300 1350 2346 stienam
1371 2299 1648 2358 religienem
1663 2312 1850 2346 conver·

1146 2360 1291 2411 t1sset,
1315 2361 1415 2417 ipse
1430 2373 1542 2404 cum
1558 2360 1700 2406 seciis
1715 2360 1850 2417 virgis

1145 2432 1313 2464 caesus
1363 2427 1434 2463 est
1488 2432 1499 2464 :
1550 2432 1760 2477 cumque
1805 2420 1848 2463 in

1146 2478 1501 2537 praedicatiene
1571 2478 1848 2524 christienae

1146 2539 1259 2583 fidei
1288 2537 1668 2584 constantissime
1702 2551 1849 2596 perse-

1149 2598 1340 2648 vereret.
1368 2598 1416 2642 in
1437 2597 1718 2643 craticulam
1749 2599 1850 2643 sub-

1143 2657 1273 2729 jeeto
1324 2657 1434 2714 igne
1474 2655 1690 2715 injicitur,
1737 2658 1849 2702 mul-

1148 2717 1302 2775 tisque
1337 2716 1579 2774 praeterea
1611 2716 1850 2775 suppIIciis

1147 2789 1245 2822 una
1267 2789 1376 2821 cum
1396 2774 1538 2822 seciis
1557 2776 1804 2822 crucietur.

1209 2843 1281 2887 R*
1331 2834 1541 2880 Verbera
1582 2835 1849 2881 carnificum

1552 1110 1847 1182 pedimentO.
1916 1142 1921 1161 ,
