2050 3392
347 254 411 305 72
634 245 693 297 F
686 246 806 298 eria
832 245 998 298 tertia
1022 245 1106 297 ad
1123 243 1494 298 Matutinum.

400 369 717 426 Suscepimus.
739 369 882 419 Deus,
910 368 1048 412 mise-

339 429 591 475 ricordiam
615 427 796 480 tuam,*
817 429 865 472 in
886 427 1046 472 medio

343 489 504 546 templi
528 489 609 533 tui.

401 547 673 593 Secundum
695 560 867 591 nomen
889 553 1038 598 tuum,

342 608 486 659 DeuS.
506 609 574 654 sic
589 615 636 651 et
653 608 755 651 laus
771 614 853 651 tua
868 606 916 649 in
929 605 1046 650 fines

341 674 492 712 terrae
519 682 529 712 :
552 665 580 690 ⁴*
606 666 791 723 justitia
813 665 954 722 plena
973 673 1045 710 est

341 726 536 772 dextera
557 733 654 770 tua.

403 785 627 830 Laetetur
664 797 803 829 mons
845 783 972 835 Sion,
1000 791 1049 828 et

340 842 550 890 exultent
566 843 691 889 filiae
724 843 1049 906 Judae,*pro-

341 911 447 960 pter
462 903 642 961 judicia
662 911 757 955 tua,
786 902 1007 948 Domine.

401 962 704 1008 Circumdate
719 963 846 1013 Sion,
856 971 903 1006 et
919 975 1049 1006 com-

341 1021 598 1080 pleotimini
628 1034 734 1066 eam
762 1036 773 1066 :
802 1019 830 1044 ⁴*
861 1020 1048 1066 narrate

342 1081 392 1126 in
414 1081 617 1126 turribus
639 1082 753 1138 ejus.

404 1140 571 1186 Ponite
578 1141 726 1185 corda
733 1147 887 1185 vestra
899 1140 947 1184 in
960 1140 1049 1184 vir-

343 1198 444 1244 tute
474 1199 574 1254 ejus
602 1214 612 1244 :
644 1197 672 1222 ⁴*
703 1208 750 1245 et
782 1198 1047 1243 distribuite

341 1259 513 1303 domos
534 1260 648 1316 ejus.
678 1267 731 1303 ut
753 1258 978 1303 enarretis
999 1259 1047 1302 in

341 1318 567 1374 progenie
588 1317 749 1362 ultera.

401 1377 642 1431 Quoniam
678 1376 756 1420 hic
787 1383 860 1421 est
894 1377 1043 1429 Deus,

343 1437 476 1481 Deus
506 1443 667 1480 noster
701 1436 749 1479 in
785 1436 1042 1487 aeternum,

341 1503 390 1541 et
406 1496 455 1539 in
471 1494 712 1539 saeculum
728 1495 921 1539 saeculi:
936 1492 963 1518 ⁴*
979 1496 1049 1553 ip-

341 1568 393 1601 se
414 1562 544 1612 reget
565 1567 653 1599 nos
673 1554 722 1598 in
742 1554 945 1600 saecula.

507 1648 721 1693 psalmus
742 1643 880 1692 xlviii.

508 1733 726 1779 UDITE
769 1734 900 1784 haec.
947 1745 1049 1778 om-

532 1807 617 1839 nes
639 1795 818 1839 Gentes
846 1808 857 1838 :
880 1791 907 1817 ⁴*
927 1792 1050 1837 auri-

343 1854 433 1898 bus
474 1853 701 1911 percipite
740 1866 919 1904 omnes,
967 1852 1049 1909 qui

342 1912 568 1957 habitatis
589 1913 755 1956 orbem
782 1925 792 1955 :

403 1971 594 2028 Quique
622 1970 894 2027 terrigenae,
921 1977 969 2015 et
996 1970 1052 2014 fi-

343 2030 392 2075 lii
436 2030 684 2076 hominum
711 2045 722 2075 t
756 2029 784 2053 ἥ
815 2030 955 2074 simul
1000 2030 1051 2074 in

343 2104 493 2135 unum
515 2091 644 2135 dives
665 2097 712 2134 et
732 2103 927 2146 pauper.

404 2150 473 2195 Os
514 2163 673 2194 meum
714 2149 933 2206 loquetur
976 2162 1050 2195 sa·

344 2209 574 2267 pientiam
610 2223 621 2254 :
654 2207 681 2230 ⁴*
712 2217 759 2254 et
802 2209 1049 2254 meditatio

344 2270 502 2315 cordis
522 2269 614 2313 mei
635 2268 949 2326 prudentiam.

408 2329 651 2373 Inclinabo
687 2329 735 2371 in
770 2328 1050 2385 parabolam

343 2402 508 2434 aurem
550 2401 706 2432 meam
734 2402 744 2432 :
779 2386 806 2409 *
838 2388 1050 2444 aperiam

345 2448 392 2492 in
414 2447 636 2505 psalterio
675 2447 1051 2505 propositionem

345 2521 515 2551 meam.

405 2566 504 2610 Cur
537 2566 716 2611 timebo
751 2566 800 2611 in
837 2567 915 2611 die
953 2579 1055 2611 ma-

344 2623 463 2668 la?*
485 2626 708 2683 iniquitas
730 2625 937 2671 caloeunei
960 2626 1053 2671 mei

345 2682 655 2729 circumdabit
678 2699 755 2730 me
775 2699 784 2729 :

407 2742 501 2795 Qui
534 2744 782 2789 confidunt
811 2744 859 2789 in
886 2743 1056 2789 virtute

346 2812 434 2844 sua
448 2814 458 2844 t
477 2801 616 2845 *etin
629 2803 931 2849 multitudine
939 2803 1055 2847 divi-

347 2857 517 2902 tiatum
549 2860 743 2907 suumm
772 2862 1047 2920 glorientur.

1177 367 1340 412 Frater
1359 380 1454 411 uon
1476 366 1677 418 redimit,
1701 368 1836 412 redi-

1117 436 1214 472 met
1231 428 1394 471 homo:
1405 426 1432 449 ⁴*
1448 439 1545 471 non
1562 427 1698 471 dabit
1719 427 1839 472 Deo

1118 486 1432 544 placationem
1454 500 1605 532 suam.

1178 547 1239 590 Et
1257 546 1460 603 pretium
1478 546 1834 603 redemptionis

1117 604 1305 650 Animae
1316 619 1431 650 suae
1447 620 1456 650 :
1474 603 1502 628 ⁴*
1518 613 1565 650 et
1583 605 1833 650 laborabit

1118 664 1167 708 in
1180 665 1436 716 aeternum.
1457 672 1503 709 et
1524 665 1646 709 vivet
1659 665 1832 710 adhuc

1118 724 1168 768 in
1188 724 1345 768 finem.

1181 782 1296 828 Non
1337 781 1513 828 videbit
1555 783 1823 835 interitum,

1119 855 1230 887 cum
1262 842 1431 887 viderit
1453 842 1693 900 sapientes
1718 857 1828 888 mo·-

1119 902 1308 947 rientae:
1323 901 1351 925 ἥ
1366 901 1507 947 simul
1523 901 1769 959 insipiens,
1778 911 1828 947 et

1118 961 1291 1006 stultus
1312 961 1548 1018 peribunt.

1179 1021 1242 1066 Et
1263 1021 1528 1078 reIInquent.
1557 1020 1724 1066 alienis
1757 1021 1834 1066 di-

1118 1079 1256 1125 vitias
1276 1094 1406 1125 suas:
1430 1078 1458 1104 ⁴*
1487 1088 1536 1125 et
1571 1079 1832 1137 sepulchra

1118 1139 1283 1184 eorum
1319 1140 1493 1185 domus
1533 1140 1724 1185 illorum
1776 1140 1829 1185 in

1118 1198 1380 1244 aeternum.

1179 1257 1510 1303 Tabernaeula
1559 1257 1729 1303 eorum
1775 1258 1827 1303 in

1118 1318 1357 1374 progenie,
1372 1326 1419 1363 et
1436 1316 1664 1374 progenie
1679 1316 1728 1362 ε’*
1746 1330 1828 1362 vo-

1119 1377 1342 1422 caverunt
1359 1377 1554 1422 nomina
1565 1390 1654 1422 sua
1669 1377 1720 1421 in
1736 1385 1830 1422 ter-

1119 1437 1183 1480 ris
1205 1436 1315 1481 suis.

1181 1495 1243 1540 Et
1262 1495 1420 1548 homo,
1443 1508 1553 1540 cum
1570 1495 1620 1540 in
1638 1495 1827 1541 honore

1120 1562 1254 1605 esset,
1271 1568 1366 1599 non
1379 1554 1604 1600 intellexit
1622 1570 1632 1600 :
1650 1553 1678 1578 ⁴*
1695 1569 1827 1600 com-

1121 1614 1314 1670 paratus
1345 1622 1416 1658 est
1447 1614 1676 1672 jumentis
1716 1615 1825 1660 insi-

1120 1672 1372 1731 pientibus,
1399 1680 1445 1719 et
1468 1672 1632 1720 similis
1670 1674 1827 1721 saCtus

1121 1741 1191 1778 est
1214 1733 1316 1778 illis.

1184 1793 1322 1838 Haec
1337 1794 1412 1837 via
1425 1792 1612 1838 illorum
1630 1793 1830 1839 scanda-

1122 1851 1221 1896 lum
1237 1853 1377 1909 ipsis:
1396 1850 1424 1876 ⁴*
1436 1861 1483 1897 et
1500 1852 1673 1910 postea
1686 1854 1734 1898 in
1750 1867 1831 1899 ore

1123 1924 1210 1956 suo
1233 1912 1613 1969 complacebunt.

1183 1971 1315 2017 Sicut
1330 1985 1441 2016 oves
1464 1972 1511 2016 in
1534 1972 1721 2018 inferno
1742 1972 1829 2031 po-

1124 2030 1201 2075 siti
1220 2038 1330 2076 sunt
1360 2047 1371 2077 :
1394 2029 1421 2055 ⁴*
1443 2045 1571 2076 mors
1603 2033 1830 2090 depascet

1124 2104 1226 2136 nos.

1188 2151 1249 2195 Et
1272 2150 1648 2196 dominabuntur
1662 2152 1831 2198 eorum

1122 2211 1235 2268 justi
1258 2211 1308 2255 in
1328 2210 1582 2256 matutino:
1594 2209 1622 2235 ⁴*
1637 2218 1685 2256 et
1702 2212 1834 2257 auxi-

1125 2269 1241 2315 lium
1259 2271 1421 2317 eorum
1434 2270 1692 2316 veterascet
1710 2272 1833 2317 inin-

1128 2329 1261 2374 ferno
1283 2345 1313 2375 a
1332 2330 1484 2386 gloria
1504 2330 1686 2375 eorum.
1846 2365 1851 2366 γ

1183 2388 1522 2434 Verumtamen
1546 2389 1678 2434 Deus
1712 2390 1833 2436 redi—

1124 2457 1220 2494 met
1229 2449 1436 2494 enimam
1448 2462 1602 2492 meam
1615 2450 1676 2492 de
1685 2463 1834 2497 manu

1124 2507 1270 2561 inferi,
1295 2507 1322 2531 ⁴*
1346 2522 1455 2553 cum
1479 2506 1716 2565 acceperit
1737 2523 1827 2558 me.

1186 2568 1263 2612 Ne
1298 2566 1519 2617 timueris,
1548 2580 1659 2611 cum
1700 2570 1833 2616 dives

1123 2626 1279 2672 faetus
1289 2627 1426 2671 fuerit
1443 2626 1590 2670 homo
1600 2641 1610 2671 :
1622 2625 1648 2650 ⁴*
1659 2636 1708 2673 et
1723 2643 1832 2675 cum

1124 2686 1436 2743 multiplicata
1488 2685 1626 2731 fuerit
1680 2687 1833 2744 gloria

1125 2747 1298 2791 domus
1319 2747 1433 2803 ejus.

1183 2804 1425 2859 Quoniam
1442 2817 1549 2848 cum
1583 2804 1827 2858 interierit.

1124 2876 1221 2908 non
1242 2871 1397 2909 sumet
1417 2863 1580 2908 omnia
1600 2877 1611 2907 :
1628 2861 1654 2886 ⁴*
1677 2877 1837 2924 neque
