2050 3392
448 292 718 345 Rubm‘cae
745 292 1042 344 Generales
1064 292 1374 344 Breviarit'.

154 408 157 475 i
239 431 485 483 Notandum,
535 433 652 494 quod
705 433 880 492 Duplex

196 483 343 540 quodcu
362 532 371 541 ,
416 498 479 532 ue,
513 494 643 526 etiam
686 485 876 532 Patrem,

195 540 230 570 et
251 532 373 589 Tituli
486 535 627 583 loeiae,
648 535 717 576 vel
745 534 877 575 Dedi-

192 583 349 641 canonis
369 585 569 634 ejusdem,
589 600 815 628 occurrens
833 585 876 626 in

190 631 338 683 Vigiliis
365 635 609 678 Nativitatis
628 635 805 677 Domini
832 644 874 676 et

189 681 451 740 Pentecosten,
480 687 521 728 in
548 688 618 728 die
645 687 875 729 Circumci-

186 734 313 794 sionis,
333 736 374 777 in
401 738 469 779 die
494 739 659 780 octava
687 737 875 790 Epipha-

185 796 281 843 niae,
297 799 337 827 m
354 788 473 830 Feria
490 799 640 840 quarta
654 789 870 839 Cinerum,

184 847 228 875 ac
243 850 282 894 ¹3¹
300 847 385 879 tota
403 838 549 890 majori
570 841 869 889 Hebdomada,

183 896 220 924 et
250 888 352 929 infra
386 890 568 931 OCtavas
605 891 796 932 Paschae
831 902 872 933 et

186 935 452 997 pentecostes,
463 941 505 981 in
520 941 777 983 Ascensione
786 942 873 983 Do-

182 999 286 1043 num,
296 989 338 1030 in
351 991 476 1032 Festo
489 991 688 1043 Corporis
700 991 871 1042 Christi,

182 1049 219 1076 ¹¹1
235 1039 353 1096 Ij'esto
366 1042 579 1094 Assumpt.
602 1044 649 1083 B.
666 1043 736 1091 V„
754 1051 798 1083 et
816 1044 873 1085 O-

182 1100 325 1130 mmum
333 1092 597 1142 Sanctorum,
608 1094 867 1134 transfertur.

227 1139 334 1182 Infra
363 1142 570 1184 Octavam
607 1143 874 1195 Epiphaniae

181 1187 222 1228 fit
239 1200 394 1249 tantum
414 1194 468 1234 de
497 1195 696 1244 Patrono,
716 1195 784 1235 vel
802 1194 874 1235 Ti-

181 1240 291 1299 tularj
334 1243 553 1286 Ecclesiae
595 1253 639 1286 et
683 1245 875 1295 ejusdem

181 1289 459 1349 Dedicatione,
488 1309 587 1336 cum
613 1296 877 1337 Commemo-

182 1350 327 1384 ratione
360 1345 551 1387 octavae
582 1359 593 1388 :
624 1346 710 1386 alia
748 1346 875 1388 Festa

182 1394 471 1437 transferuntur
545 1406 584 1437 st
602 1397 822 1438 Octavam.

139 1482 143 1499 ,
227 1443 334 1502 Infra
359 1447 452 1488 Oet.
516 1446 679 1498 orporis
698 1445 869 1496 Christi,

183 1492 339 1536 Semidu
371 1498 437 1538 lex
453 1498 718 1546 transfertur,
734 1511 871 1549 neque

181 1542 222 1583 fit
245 1545 295 1586 de
316 1511 490 1599 ffuplici
508 1549 728 1606 translato,
749 1558 792 1588 et
817 1549 872 1589 de

181 1606 237 1652 ἃ,
246 1609 507 1653 quocumque
518 1600 773 1657 adveniente
782 1600 873 1640 Du-

182 1644 279 1694 plici,
300 1647 343 1688 fit
361 1649 731 1690 Commemoratio.

225 1696 330 1739 Infxa
341 1700 435 1741 illas
449 1701 652 1749 octavas,
663 1700 708 1741 in
721 1700 876 1751 quibus

182 1744 227 1804 fit·
236 1748 285 1788 de
299 1750 334 1790 F
334 1750 437 1791 estis
450 1751 784 1799 occurrentibus,
803 1752 875 1793 Se-

142 1835 145 1850 ,
181 1799 377 1850 mnduplex
406 1815 632 1843 occurrens
658 1801 703 1842 in
729 1801 876 1842 Domi-

142 1853 146 1910 !
179 1846 275 1896 nica,
309 1851 562 1892 transfertur
603 1851 647 1892 in
688 1852 876 1903 proxime

180 1909 414 1952 §equentem
425 1902 537 1943 diem
550 1916 561 1944 ι
574 1916 687 1954 quae
700 1902 736 1943 si
750 1902 876 1944 fuerit

142 1951 364 2004 :Ampedita
419 1952 502 1994 alio
549 1952 678 1994 simili
733 1953 873 2003 Festo,

142 2049 145 2060 .
181 2002 416 2044 transfertur
485 2011 525 2045 st
549 2004 770 2046 oetavam.

224 2049 392 2095 DeOst.
460 2053 670 2096 ativitatis
685 2053 874 2103 Domini,

182 2096 448 2157 Epiphaniae,
467 2114 511 2146 et
530 2105 730 2156 Corporis
756 2104 876 2146 Chri-

180 2159 240 2199 ευ,
258 2166 419 2206 semper
434 2155 482 2197 fit
500 2156 754 2204 Commem„
774 2169 877 2206 quo·

181 2211 345 2254 cumque
366 2206 492 2247 Festo
510 2206 555 2247 in
574 2205 660 2247 illis
677 2219 837 2247 occurr.

223 2251 285 2294 De
309 2255 403 2298 aliis
428 2255 622 2305 ocensis,
651 2270 763 2307 quae
793 2270 878 2298 non

144 2333 149 2342 .
182 2311 267 2362 sunt
288 2304 329 2346 in
351 2306 627 2355 Kalendario,
648 2307 756 2348 nihil
780 2307 828 2349 fit
852 2321 879 2348 a

186 2350 294 2396 Fena
316 2367 467 2409 quarta
501 2358 709 2400 Cinerum
744 2371 879 2409 usque

183 2403 229 2443 ad
252 2405 513 2451 Dominioem
544 2408 590 2450 in
616 2408 757 2458 Albis,
786 2417 829 2450 et
854 2422 881 2449 a

146 2487 149 2506 Ἢ
182 2451 322 2506 Vigilia
353 2460 631 2502 Pentecostes
662 2473 799 2510 usque
825 2459 882 2502 ad

145 2533 148 2554 ι
186 2502 340 2550 Festum
355 2510 580 2552 Trinitatis
600 2510 824 2560 inclusive,
840 2519 882 2551 et

144 2563 149 2632 ξ
183 2556 285 2656 {gie
311 2574 356 2611 17
368 2561 639 2655 ,Decembris
663 2574 803 2614 usque
828 2561 884 2603 ad

992 430 1102 475 Dies
1179 434 1372 476 octavae
1442 449 1660 487 nunquam

944 484 1220 543 transfertur:
1262 485 1360 526 ideo
1396 499 1653 545 quamquam

945 534 1163 577 Nanvitas
1179 537 1220 579 S.
1239 535 1421 588 joannis
1436 537 1655 588 Baptistae

943 599 1166 644 occurrens
1179 587 1220 627 in
1235 585 1519 645 die-Corporis
1533 586 1655 628 Chri·

943 637 1349 684 st1,transferatur1n
1358 636 1499 679 diems
1554 652 1655 679 uen-

943 696 1030 728 tem
1060 701 1072 729 :
1106 702 1190 729 non
1225 696 1365 729 tamen
1406 697 1522 729 trans
1540 698 1655 729 ertur

944 739 1124 789 octava,
1152 740 1228 781 sed
1255 741 1309 781 de
1335 753 1387 781 ω,
1412 739 1460 780 fit
1487 749 1653 781 tantum

944 789 1298 831 Commemoratio
1333 789 1375 831 in
1411 789 1563 832 Officio
1598 792 1653 831 de

945 840 1112 882 Ostava
1129 840 1327 893 Corporis
1344 840 1516 882 Christi.

996 891 1040 934 Si
1057 901 1262 941 occurrat,
1278 901 1326 933 ut
1346 892 1568 940 Patronus,
1584 891 1653 932 vel

941 942 1113 983 Titulus
1156 942 1374 984 Ecclesiae
1417 942 1654 1000 descriptus

1691 222 1721 261 Ἴ

1716 268 1721 291 v

1473 298 1650 350 xxxiii.
1717 296 1718 313 ’

942 992 995 1033 sit
1028 994 1178 1034 eodem
1212 993 1282 1034 die
1317 993 1360 1034 in
1394 994 1655 1035 Kalendano
1715 1000 1718 1031 1

942 1058 1042 1085 cum
1058 1043 1153 1084 aliis
1172 1043 1353 1092 Sanc‘tis,
1374 1043 1416 1084 in
1435 1059 1488 1085 ea
1505 1044 1655 1085 Eccle-
1715 1042 1719 1055 ⁴

941 1093 1006 1135 sia
1031 1094 1079 1134 fit
1101 1103 1265 1135 tantum
1288 1096 1342 1136 de
1368 1095 1565 1143 Patrono,
1585 1094 1654 1135 vel

942 1143 1140 1193 Titulari,
1169 1145 1329 1197 absque
1356 1159 1656 1187 commemora·

941 1194 1058 1236 tione
1076 1194 1264 1236 aliorum.

945 1245 1207 1287 Kalendario
1233 1247 1369 1288 desen
1418 1245 1432 1287 i
1459 1245 1543 1287 sint
1572 1245 1653 1287 sub

943 1295 1096 1338 Officio
1114 1296 1302 1349 Duplici,
1317 1310 1370 1338 ve
1401 1296 1655 1348 Semidupli·

943 1345 996 1395 ci,
1035 1347 1346 1389 transferuntur
1387 1347 1432 1389 in
1473 1347 1654 1407 primam

943 1397 1058 1438 diem
1072 1396 1197 1438 simili
1212 1398 1363 1441 Officio
1377 1412 1460 1440 non
1480 1398 1655 1450 impedi·

941 1456 1046 1494 tam:
1064 1457 1107 1488 et
1124 1449 1179 1489 de
1197 1448 1259 1490 eis
1275 1449 1350 1490 fiat
1364 1448 1561 1491 Officium
1581 1450 1657 1491 Se·

940 1497 1173 1550 miduplex,
1201 1498 1282 1540 nisi
1317 1508 1459 1540 tamen
1489 1499 1572 1540 sint
1600 1501 1655 1541 de

940 1548 1173 1599 majoribus
1194 1548 1345 1598 Festis,
1394 1549 1467 1591 uia
1480 1559 1581 1591 tunc
1599 1550 1655 1590 de

942 1600 1146 1642 translato
1164 1614 1334 1652 quoque
1387 1610 1431 1641 et
1454 1600 1654 1642 Officium

942 1650 1131 1704 Duplex,
1150 1664 1202 1693 ac
1219 1650 1255 1692 si
1272 1651 1441 1704 proprio
1459 1651 1529 1693 die
1546 1652 1656 1692 eele-

941 1700 1149 1743 braretur.
1198 1701 1243 1744 Si
1262 1717 1361 1744 vero
1380 1702 1424 1743 in
1441 1703 1657 1744 Kalenda-

943 1752 1008 1793 rio
1044 1766 1190 1793 omnes
1215 1753 1302 1794 sint
1331 1763 1548 1803 tamquam
1578 1753 1658 1794 Fe-

943 1811 1060 1843 stum
1079 1802 1281 1862 Simplex,
1297 1804 1351 1844 de
1369 1802 1452 1844 illis
1469 1803 1575 1844 nihil
1591 1803 1650 1844 fit.

995 1853 1067 1893 De
1088 1853 1221 1894 Ferus
1238 1855 1461 1896 Adventus
1479 1863 1522 1895 et
1540 1854 1658 1905 Qua-

944 1904 972 1945 d
1052 1902 1224 1953 esimae,
1270 1906 1411 1946 uando
1425 1906 1478 1946 de
1497 1904 1557 1946 eis
1571 1918 1657 1946 non

944 1918 1223 2014 ῇῗὸῆὶρὶιιῐιι,
1271 1965 1287 1997 t
1302 1955 1657 2015 Commemoratip

943 2006 1659 2116 ffiffissfflgzzssfflffgkassss

946 2106 1143 2157 Quatuor
1160 2107 1457 2159 Temporibus,
1473 2117 1518 2148 et
1534 2108 1659 2148 Feria

945 2158 1135 2215 secunda
1153 2157 1456 2209 Rogationum,
1477 2172 1528 2199 ac
1540 2157 1659 2216 Vigi3

946 2206 1028 2256 his,
1057 2207 1099 2248 in
1129 2208 1350 2249 Laudibus
1377 2217 1553 2249 tantum.
1612 2208 1659 2249 Si

945 2272 1046 2299 vero
1063 2258 1209 2310 aliqua
1226 2258 1386 2310 Vigilia
1404 2267 1597 2300 occurrat
1615 2256 1659 2298 in

1322 1195 1409 1255 Qui
1426 1195 1520 1236 siin
1538 1195 1654 1237 dicto
1715 1186 1719 1223 ἶ

946 2309 1162 2358 Adventu,
1218 2308 1571 2361 Quadragesima,
1616 2316 1661 2349 et
1715 2313 1718 2318 “

948 2360 1146 2418 Quatuor
1178 2360 1475 2411 Temporibus,
1513 2359 1585 2417 vel
1616 2358 1661 2399 in

947 2410 1099 2452 diebus
1145 2410 1370 2451 Festorum
1412 2411 1485 2451 Du
1517 2409 1663 2467 licium

948 2460 1108 2513 primae
1142 2460 1317 2509 Classis,
1345 2460 1435 2502 sive
1506 2469 1660 2518 atron),

948 2512 1016 2552 vel
1060 2510 1210 2560 Tituli,
1247 2521 1322 2553 aut
1366 2510 1663 2552 Dedicatioms

951 2561 1185 2609 Ecclesiae,
1205 2562 1260 2603 de
1286 2576 1339 2602 ea
1363 2560 1469 2604 nihil
1494 2560 1557 2609 fit,
1584 2573 1663 2603 nec

951 2611 1082 2654 etiam
1098 2611 1143 2654 in
1163 2611 1394 2655 Laudibus.
