2050 3392
229 240 352 293 Die
365 255 402 309 9
422 241 593 308 Nov„
615 244 804 297 Dedic.
830 246 1087 301 basilicae
1105 251 1155 301 S
1154 249 1201 302 S
1203 291 1214 302 .
1236 251 1287 303 S
1284 250 1579 305 alvaterelr.
1614 265 1709 320 527

486 405 666 452 Oratio.

376 475 509 521 EUS
555 477 636 534 qui
676 491 766 525 nos
809 480 934 527 beeti

212 479 363 638 D
411 533 656 603 Theodori
712 538 935 609 Mertyris

234 605 286 637 ul
309 593 609 642 confesmone
623 597 833 655 gloriosa
848 614 935 645 cir·
998 588 1029 633 h

1235 403 1401 454 Lectio
1421 405 1465 454 ii.

1148 473 1193 517 T
1252 474 1460 522 habebat
1520 490 1709 524 murum

979 474 1142 636 'Q
1175 547 1405 593 magnum
1450 545 1497 583 et
1538 537 1701 590 altum,

1124 600 1252 638 ntem
1261 603 1423 652 portas
1432 595 1702 650 duodecim,

213 650 418 699 cumdas
432 663 478 700 et
492 654 700 714 protegis
720 669 934 718 :praesta
996 657 1043 717 e}
1066 650 1113 695 5¹¹
1135 666 1222 709 por
1224 654 1282 699 tis
1299 655 1509 724 ΑΡὲΕῙῼδ
1526 656 1707 728 ᾱῦῥάθ·

214 712 366 765 nobis,
376 727 435 758 ex
444 715 816 772 ejusimitatio'ne
826 734 930 778 pro·
995 723 1099 761 elme
1144 720 1191 757 et
1231 713 1426 760 1¹6¹¹¹¹1¹a
1461 724 1698 822 Ῑΰὸθΰὲἑὲι

218 770 377 823 ficere,
419 782 468 820 et
503 776 718 823 oratione
758 779 923 827 fulciti.

218 830 309 876 Per
330 831 596 881 Dominum
618 845 844 886 nostrum.

270 895 348 940 Ad
375 895 667 945 Matutinum
691 900 851 948 omnia
867 903 927 949 de

213 955 474 1003 Communi
492 960 818 1008 Dedicationis
836 963 927 1010 Ec-

213 1015 398 1069 clesiae,
442 1020 650 1077 exceptis
689 1021 927 1070 Lectioni-

210 1075 312 1129 bus,
339 1091 463 1135 quae
480 1079 702 1138 leguntur
720 1091 767 1128 ut
787 1083 920 1131 infra.

306 1161 361 1207 In
384 1163 539 1222 primo
562 1165 826 1216 Noeturno.

214 1231 290 1276 De
313 1231 435 1278 libro
459 1233 772 1295 Apocalypsis
796 1238 924 1286 beati

337 1292 542 1353 Joe'tnnis
563 1296 792 1354 Apostoli.

289 1375 455 1425 Lectio
473 1379 500 1426 ἰ,
567 1372 676 1432 cap.
704 1375 794 1420 XXi.
820 1392 856 1422 C.

271 1448 376 1504 ῒζζ,
413 1446 494 1497 ’ῙΤ
536 1448 660 1494 venit
703 1464 826 1498 unus
861 1454 923 1498 de

477 1515 663 1564 septem
728 1511 922 1569 Angelis

310 1602 317 1614 ,
355 1609 360 1610 ⁷
477 1566 761 1616 habentibus
787 1572 922 1629 phia-

430 1640 431 1643 ’
476 1625 547 1671 las
559 1628 725 1684 plenas
738 1640 921 1689 septem

208 1681 362 1742 plagis
375 1685 658 1741 novissimis,
676 1698 720 1735 et
735 1689 920 1738 locutus

209 1752 280 1788 est
311 1757 515 1797 mecum,
555 1748 747 1797 dicens:
780 1751 912 1805 Veni,

208 1811 254 1849 et
275 1803 529 1850 ostendam
566 1807 648 1852 tibi
670 1823 911 1867 sponsam,

207 1862 407 1909 uxorem
437 1865 579 1923 Agni.
637 1868 699 1914 Et
730 1869 917 1917 sustulit

207 1937 284 1969 me
326 1923 375 1969 in
397 1925 567 1982 spIritu
616 1928 665 1972 in
706 1940 917 1977 montem

206 1997 436 2041 magnum
454 1994 500 2030 et
516 1986 678 2039 altum.
699 1998 744 2035 et
761 1991 918 2037 osten-

206 2042 273 2088 dit
303 2043 420 2089 mihi
443 2044 680 2092 civitatem
699 2051 917 2097 sanetam

197 2101 466 2163 Jerusalem
481 2106 842 2156 descendentem
857 2112 917 2157 de

204 2162 339 2208 coelo
359 2177 390 2208 a
412 2163 534 2216 Deo,
556 2165 806 2214 habentem
823 2170 918 2216 cla-

204 2221 392 2268 ritatem
416 2223 505 2270 Dei
526 2239 537 2270 :
569 2234 616 2271 et
638 2227 796 2274 lumen
813 2232 916 2289 ejus

203 2281 357 2328 simile
376 2282 525 2341 lepidi
547 2287 766 2343 pretioso,
794 2298 914 2336 tam—

202 2355 349 2399 quam
381 2343 531 2401 lepidi
560 2344 766 2405 iaspidis,
793 2350 911 2397 sicut

201 2401 491 2460 crystallum.

267 2465 341 2527 Rp,
359 2461 418 2506 ln
434 2464 734 2513 dedicatiene
750 2470 909 2528 templi

200 2521 490 2569 decantabat
550 2525 754 2584 populus
811 2529 912 2575 lau—

201 2582 313 2627 dem
347 2595 359 2628 :
401 2580 429 2608 ‘⁷‘
453 2583 515 2629 Et
545 2585 593 2630 in
625 2600 707 2632 ore
747 2588 910 2635 eorum

198 2641 350 2688 dulcis
366 2644 621 2690 resonebat
637 2660 794 2693 sonus.
848 2639 913 2703 W.

200 2701 425 2748 Fundeta
439 2712 510 2749 est
525 2705 698 2752 domus
714 2707 909 2753 Domini

196 2775 340 2821 supra
391 2762 615 2812 verticem
653 2767 901 2821 montium,

195 2831 241 2869 et
273 2823 465 2869 venient
494 2824 560 2869 ad
595 2838 700 2870 eam
741 2841 909 2874 omnes

195 2882 521 2929 Gentes.--Et
542 2882 590 2928 in
613 2898 707 2931 ore.

995 783 1119 826 quae
1146 779 1256 818 sunt
1289 773 1485 820 nomina
1522 776 1588 821 du

991 830 1086 873 cim
1100 831 1307 877 tribuum
1323 833 1523 881 filiorum
1541 835 1698 890 Israel,

991 888 1055 933 ab
1086 888 1279 936 Oriente
1301 902 1466 950 portae
1497 903 1622 941 tres:
1655 904 1702 943 et

990 948 1055 992 ab
1069 949 1307 1006 Aquilone
1321 962 1487 1011 portae
1506 962 1598 1001 tres
1620 969 1630 999 ε
1653 963 1701 1001 et

989 1008 1053 1051 ab
1065 1008 1243 1055 Austro
1256 1020 1421 1068 portae
1437 1021 1532 1058 tres
1551 1022 1622 1059 :et
1638 1015 1701 1059 ab

989 1066 1176 1113 Occasu
1194 1078 1358 1127 portae
1378 1081 1486 1132 tres..
1514 1073 1576 1118 Et
1597 1088 1702 1119 mu·

988 1140 1068 1172 rus
1100 1128 1298 1174 civitetis
1329 1130 1509 1177 habens
1529 1133 1699 1179 sunda-

988 1187 1151 1233 menta
1166 1188 1431 1242 duedecim,
1455 1200 1501 1237 et
1518 1192 1567 1237 in
1583 1193 1696 1250 ipsis

987 1246 1241 1294 duodecim
1278 1249 1472 1297 nomina
1517 1253 1698 1299 duode-

987 1306 1080 1351 cim
1144 1309 1487 1366 Apostolorum
1546 1313 1687 1371 Agni.

989 1365 1051 1411 Et
1072 1368 1153 1424 qui
1183 1369 1468 1427 loquebatur
1486 1387 1687 1425 mecum,

986 1425 1192 1473 habebat
1213 1429 1485 1477 mensuram
1504 1433 1696 1491 arundi-

986 1498 1125 1531 neam
1145 1487 1351 1541 auream,
1380 1499 1431 1535 ut
1453 1493 1695 1539 metiretur

985 1545 1234 1599 civitatem,
1262 1557 1308 1594 et
1330 1559 1491 1607 portas
1511 1553 1623 1611 ejus,
1646 1562 1694 1598 et

985 1618 1190 1651 murum.

1045 1664 1120 1726 R7.
1156 1666 1196 1712 F
1196 1666 1380 1714 undeta
1412 1678 1481 1716 est
1517 1671 1690 1718 domus

984 1725 1081 1770 Dfii
1117 1740 1261 1785 supra
1294 1728 1517 1776 verticem
1557 1731 1694 1780 mon-

985 1785 1117 1836 tium,
1145 1795 1191 1832 et
1214 1787 1421 1834 exaltata
1448 1799 1520 1837 est
1550 1805 1693 1849 super

982 1858 1150 1891 omnes
1172 1847 1314 1893 colles
1341 1862 1352 1894 :
1377 1845 1404 1870 θ’*
1425 1849 1487 1895 Et
1503 1850 1691 1898 venient

982 1904 1045 1949 ad
1078 1919 1185 1951 eam
1219 1921 1384 1954 omnes
1416 1910 1610 1964 Gent‘es,
1644 1919 1693 1958 et

982 1964 1157 2011 dicent:
1174 1967 1338 2014 Gloria
1352 1969 1449 2021 tibi,
1464 1970 1685 2020 Domine.

984 2020 1050 2083 ΧΓ.
1066 2025 1321 2074 Venientes
1329 2037 1489 2075 autem
1502 2031 1691 2079 venient

981 2098 1088 2130 cum
1111 2087 1415 2142 exultatione,
1442 2091 1690 2149 portentes

982 2145 1252 2204 manipulos
1273 2151 1547 2198 suos—Et.

1214 2219 1382 2272 Leetio
1399 2219 1461 2271 iii.

988 2290 1179 2457 ᾳΤ
1209 2295 1375 2344 civitas
1415 2299 1463 2344 in
1503 2302 1689 2358 quadro

1011 2409 1020 2425 ,
1148 2357 1309 2425 posita
1342 2364 1427 2410 est,
1455 2367 1503 2405 et
1536 2361 1687 2418 longi-

977 2418 1030 2457 tu
1066 2427 1096 2458 o
1117 2428 1217 2472 ejus
1238 2425 1373 2462 tanta
1399 2426 1484 2471 est,
1506 2428 1689 2476 quanta

975 2480 1021 2516 et
1054 2473 1285 2520 latitudo:
1317 2484 1363 2523 et
1394 2491 1587 2524 mensus
1616 2487 1688 2524 est

975 2531 1212 2578 civitatem
1229 2535 1291 2580 de
1302 2535 1534 2582 arundine
1544 2537 1688 2584 aurea

974 2604 1060 2648 per
1074 2592 1229 2638 stedia
1245 2595 1498 2641 duedecim
1513 2596 1660 2643 millia
1670 2611 1686 2644 t

973 2658 1021 2695 et
1042 2651 1306 2713 longitudo,
1332 2663 1379 2700 et
1401 2655 1617 2709 altitudo,
1638 2667 1686 2704 et

973 2710 1175 2757 latitudo
1196 2714 1298 2772 eJ'us
1318 2715 1534 2773 aequalia
1554 2725 1676 2764 sunt.

972 2770 1036 2816 Et
1056 2784 1249 2819 mensus
1268 2782 1340 2820 est
1365 2789 1551 2823 murum
1582 2779 1686 2837 ejus

969 2839 1161 2876 centum
1203 2833 1521 2893 quadraginta
1568 2838 1687 2897 que-

971 2896 1078 2934 tuor
1134 2892 1414 2948 cubitorum,
1459 2897 1680 2944 mensura
