2050 3392
203 269 321 322 Die
336 284 405 339 13
424 271 595 339 Nov„
612 272 675 326 S.
702 271 991 327 Stantis-lai
1010 274 1081 326 K
1074 274 1276 342 ostkm,
1305 272 1364 329 C.
1404 274 1613 328 ccxciii.

122 402 343 450 ostendit
366 404 428 450 illi
449 418 649 463 regnum
673 406 842 454 Dei.—

122 464 197 510 Et
219 464 368 510 dedit.

363 560 527 609 Lee'tio
551 577 591 607 v,

272 643 700 692 UOTIDIANAE
750 645 837 691 sra-

295 706 378 751 tris
411 705 648 751 vexationi
676 706 842 751 crebra

123 763 235 822 ipse
251 764 441 822 Jejunia.
474 765 673 823 flagella,
700 764 841 811 alios·

123 837 229 881 que
296 823 496 870 insontis
573 824 837 883 corpusculi

124 881 370 928 crucietus
410 883 649 941 adjiciens,
695 884 841 930 lethei-

124 942 229 988 lem
279 942 328 987 in
382 944 602 998 mortum
657 942 835 990 incidit.

125 1002 247 1057 Quo
304 1001 671 1060 ingravescente,
730 1017 840 1072 cum

124 1062 419 1107 daemonem
457 1061 677 1108 horrendi
710 1062 841 1109 canis

125 1120 291 1178 specie
300 1120 583 1167 insilientem
593 1122 731 1179 signo
739 1136 842 1167 cru

125 1182 206 1228 cis
216 1187 286 1225 ter
292 1179 517 1238 fugasset.
532 1194 717 1227 sacrum
731 1181 841 1228 Vie-

127 1241 297 1293 ticum,
342 1241 474 1298 quod
514 1240 564 1286 in
607 1240 842 1287 haeretica

125 1301 284 1346 domo
332 1298 623 1346 decumbens
671 1300 842 1347 frustra

127 1359 195 1406 ab
228 1358 501 1405 hominibus
533 1360 738 1417 petebat.
778 1362 842 1406 ab

126 1419 329 1476 Angelis
368 1419 567 1478 accepit.
625 1420 744 1465 Mox
777 1421 842 1466 ad

126 1478 842 1597 ffiffsiffiuessimffi‘rssmcg

127 1598 273 1643 miter
283 1596 533 1650 admissus,
547 1612 604 1644 ac
617 1598 841 1644 Societdti

123 1658 304 1762 jussit}l
319 1658 651 1764 ιιιίιιιεὲιεᾶἰαιε,
681 1657 842 1764 sugg-o

127 1730 229 1764 con
306 1731 351 1763 ιιι
591 1732 701 1764 cum
807 1732 842 1763 ι-

131 1786 240 1823 tum
268 1778 330 1823 ad
362 1777 491 1823 illam
521 1778 673 1852 patris
700 1779 844 1823 timor

130 1838 184 1883 in
213 1836 470 1883 Germenia
491 1836 841 1895 praecluderem

131 1896 371 1956 peregrini
391 1897 571 1949 hebitu,
593 1897 736 1949 solus,
762 1910 843 1955 pe-

130 1958 237 2007 des,
279 1957 526 2003 mendicus
565 1956 731 2014 fugam
772 1970 844 2002 ar·

132 2015 298 2074 ripuit,
338 2024 492 2062 certus
527 2029 622 2061 non
659 2015 838 2068 sistere,

131 2075 228 2122 nisi
248 2075 344 2121 voti
364 2090 564 2133 compos
611 2075 709 2121 fiat.
750 2076 844 2121 Iter

131 2148 238 2182 non
258 2148 356 2181 uno
372 2136 464 2181 Dei
483 2135 716 2182 beneflcio
736 2135 844 2193 pro-

130 2208 331 2253 sperum
351 2194 454 2241 suit.
511 2195 639 2240 Nam
660 2203 845 2253 praeter

130 2254 244 2307 alia,
290 2254 422 2300 Pauli
457 2254 712 2312 presugum
754 2254 845 2299 sra-

132 2323 259 2360 trem
275 2314 376 2372 jam
399 2314 692 2372 assequentis
713 2314 836 2370 equi,

131 2374 354 2419 immisso
381 2374 605 2419 divinitus
634 2373 836 2430 torpore.

132 2433 451 2479 constiterunt
472 2446 483 2487 ;
504 2441 551 2479 et
582 2432 845 2479 Stanisleus

131 2492 432 2551 Angelorum
493 2506 619 2551 pane
675 2492 843 2537 iterum

132 2552 371 2610 Angelico
419 2552 681 2600 ministerio
732 2551 846 2598 refe·

130 2613 259 2665 e'tus.
280 2620 390 2671 post
410 2611 669 2660 duodecies
689 2611 846 2658 cente-

131 2687 201 2719 na
220 2672 450 2731 passuum
471 2672 630 2724 millia,
650 2672 845 2717 tandem

135 2733 326 2780 Romae
350 2733 401 2780 in
425 2731 712 2778 Societetem
762 2745 846 2777 esu

129 2808 164 2840 a
189 2792 365 2841 saneto
397 2791 650 2839 Francisco
746 2791 846 2849 rgia

127 2851 350 2922 genet-eli
373 2849 646 2912 praepdsito
677 2849 845 2898 meruit

127 2911 366 2974 ωορῑάή-

965 411 1037 470 R7
1077 406 1271 455 Amavit
1306 421 1415 453 eum
1450 408 1616 455 Domi-

908 480 1010 520 nuS,
1033 475 1079 514 et
1092 468 1277 515 ornavit
1289 481 1425 514 eum:
1443 470 1615 514 stolam

906 527 1087 585 gloriae
1106 528 1260 574 induit
1280 537 1437 580 eum,
1434 529 1530 575 Et
1551 528 1616 575 ad

907 595 1070 644 portas
1264 588 1319 632 isi
1371 588 1616 635 corondvit

906 659 1032 692 eum.
1063 650 1121 704 ἲ.
1170 647 1331 694 Induit
1361 661 1471 693 eum
1516 647 1617 694 Do-

907 706 1064 751 minus
1083 706 1278 753 loricam
1309 707 1437 761 fidei,
1464 714 1513 753 et
1539 721 1616 753 or-

908 764 1036 812 navit
1055 779 1178 812 eum.
1185 767 1308 814 —Et
1329 768 1395 813 ad
1416 774 1595 826 portas,

1134 863 1300 912 Lec‘tio
1323 866 1379 911 vi.

1038 944 1267 992 IRONIS
1306 944 1487 992 emeriti
1525 946 1614 992 vir-

1063 1003 1188 1050 tutes
1254 1004 1303 1050 in
1366 1006 1446 1050 reli
1449 1005 1615 1063 giesae

907 1062 1032 1109 vitae
1061 1064 1298 1122 palaestra
1318 1064 1614 1122 splendidius

908 1122 1108 1169 eluxere.
1157 1122 1375 1170 ChAritas
1406 1124 1616 1182 praeser-

907 1183 993 1230 tim
1027 1197 1143 1241 erga
1177 1184 1349 1236 Deum,
1388 1184 1435 1230 in
1469 1196 1614 1241 quem

907 1242 1098 1289 assidue
1125 1243 1331 1289 alienata
1348 1257 1380 1288 a
1399 1242 1614 1289 sensibus

907 1311 1066 1348 mente
1126 1303 1408 1361 rapiebatur.
1494 1303 1614 1350 Inde

907 1361 972 1406 illi
1001 1362 1145 1409 facies
1176 1376 1363 1421 semper
1395 1361 1606 1414 accensa,

907 1421 1250 1479 nonm'mquam
1362 1420 1606 1475 irradians,

907 1481 1138 1538 perennes
1182 1481 1430 1539 lacrymae,
1471 1481 1614 1526 ardor

907 1539 1114 1597 pectoris
1146 1546 1318 1590 tantus.
1360 1547 1414 1585 ut
1455 1538 1615 1585 media

907 1598 1616 1716 fflffiiffigflzssfiffiztlssfiffiss

907 1720 1012 1765 dus.
1063 1719 1230 1776 Itaque
1263 1717 1426 1764 amore
1462 1716 1616 1764 verius

908 1792 1055 1850 quam
1096 1778 1213 1823 febri
1253 1785 1491 1830 aestuanS,
1536 1776 1615 1822 die

908 1836 1183 1895 assumptae
1213 1838 1263 1883 in
1295 1837 1480 1883 coelum
1510 1836 1615 1881 Vir-

907 1898 1005 1955 gini
1037 1910 1186 1949 sacro.
1228 1898 1291 1943 ad
1325 1897 1426 1954 eJus
1452 1895 1616 1942 trium-

909 1957 1104 2014 phalem
1136 1969 1363 2015 pompam
1398 1955 1606 2015 propius.

908 2024 959 2063 ut
993 2016 1252 2074 opteveran
1285 2015 1609 2075 spee‘tzindam.

908 2077 971 2121 ab
983 2076 1088 2134 ipsa
1106 2076 1351 2122 beaterum
1364 2075 1615 2134 Virginum

908 2136 1056 2181 choro
1098 2136 1272 2194 stipeta
1305 2134 1502 2182 vocatus
1541 2142 1614 2182 est

908 2209 965 2241 ex
996 2196 1226 2251 Quirinali
1261 2197 1408 2241 domo
1441 2194 1616 2253 proba-

909 2254 1064 2306 tionis,
1096 2268 1223 2300 anno
1255 2253 1518 2300 innocentis
1549 2253 1615 2299 vi-

908 2322 985 2360 tae
1005 2314 1192 2360 decimo
1206 2313 1389 2364 οόὶάνο.
1416 2311 1615 2370 operum

909 2374 1092 2432 plenior
1104 2387 1251 2431 quam
1263 2372 1461 2418 dierum.
1450 2325 1617 2416 pe-Mul

909 2434 968 2480 tis
989 2441 1099 2490 post
1119 2433 1302 2479 obitum
1319 2430 1615 2477 mirdculisin

909 2507 996 2538 sua
1011 2491 1300 2560 praesertim
1309 2488 1508 2536 Poldnia
1518 2489 1617 2535 eni-

912 2553 1014 2603 tuit,
1035 2552 1169 2609 quus
1185 2550 1329 2597 armis
1344 2549 1617 2596 contrasor-

911 2611 1159 2658 midabiles
1191 2609 1455 2656 Turcarum
1487 2609 1617 2655 exer-

910 2672 1033 2718 citus
1083 2669 1355 2730 spectabilis
1403 2683 1433 2715 e
1480 2668 1616 2716 coelo

910 2730 1065 2778 edsuit
1086 2744 1184 2778 non
1199 2729 1344 2777 semel
1363 2736 1437 2781 :et
1457 2728 1618 2776 civite.-

912 2799 983 2837 ιω
1002 2791 1121 2838 §.lias
1147 2797 1291 2850 peste,
1317 2788 1437 2836 Alias
1463 2787 1619 2836 ineen-

910 2851 995 2897 dio
1023 2850 1247 2897 liberavit.
1293 2847 1619 2904 Quamobrem

912 2910 1135 2957 Clemens
1143 2909 1360 2957 decimus
1374 2908 1617 2957 euminter
