2050 3392
489 220 599 275 Die
621 237 692 293 29
716 223 887 292 Nou,
914 225 976 279 S.
1008 222 1226 279 Gelasii
1247 226 1314 293 L,
1334 228 1402 283 P.
1426 227 1486 284 C.
1561 247 1710 286 cccv,

230 350 451 407 proficiet
473 352 691 402 inimicus
717 356 764 402 in
785 371 869 403 eo:
891 365 939 403 et

226 409 355 455 silius
391 411 651 470 iniquitatis
672 430 768 462 non
798 418 937 464 noce-

227 470 298 515 bit
320 470 636 522 ei.—Manus.

475 547 638 596 Lee'tio
661 567 698 594 ν.

235 614 495 736 ΗἨΙΞ
530 638 655 678 cura,
695 634 742 673 et
778 625 937 673 stt'idio

400 696 495 728 non
513 684 659 730 clerus
675 687 822 732 modo
836 686 937 744 plt'i-

227 740 402 786 rimum
443 743 615 788 auetus
654 752 738 796 est,
776 760 933 791 verum

226 800 372 845 etiam
442 802 658 848 universa
724 805 935 851 Ecclesia

227 860 419 917 magnis
450 861 746 910 incrementis
776 865 936 910 adole-

226 920 305 965 vit.
362 920 416 964 In
433 934 530 978 quo
545 932 669 968 certe
689 923 812 969 illius
828 938 936 982 pru-

224 978 391 1024 dentia
427 980 650 1028 mirabilis
690 983 789 1037 fuit,
824 998 933 1029 cum

223 1052 284 1107 eo
364 1039 577 1098 tempore
654 1042 933 1089 Anastasius

224 1098 932 1209 ffiizig‘ssfcushffissffssssgmffi

224 1216 932 1341 atssi¹³⁵ffini¹zssfgfisa¹azssfssz·

222 1336 388 1389 riculo,
397 1336 537 1384 tibere
545 1340 735 1387 annona
748 1343 929 1389 Urbem

222 1396 461 1444 recreavit.
511 1399 799 1459 Lupercalia,
817 1402 931 1448 alia-

222 1468 317 1511 que
356 1456 613 1504 Gentilium
638 1461 924 1519 speetacula,

220 1527 347 1571 quae
384 1517 447 1561 ad
478 1516 596 1563 haec
626 1533 777 1579 usque
814 1522 930 1567 tem-

221 1587 355 1630 pora.
376 1583 482 1632 post
501 1585 597 1622 tam
614 1579 764 1624 multa
784 1579 930 1638 impe-

222 1633 436 1683 ratorum
487 1635 646 1681 edieta
704 1639 930 1684 adversus

223 1692 540 1739 idololatriam
563 1694 671 1748 lata,
691 1707 736 1743 et
756 1699 931 1744 Roma-

223 1751 394 1797 norum
409 1753 689 1801 Pontificum
703 1756 858 1803 stt'idia
866 1759 930 1803 ad

222 1824 329 1857 eam
353 1812 678 1871 extit-pandam
694 1816 923 1870 adhibita,

222 1870 430 1929 viguisse
446 1882 645 1926 constat.
664 1875 930 1922 Androma-

220 1932 314 1977 cho
350 1931 579 1985 senatore,
606 1934 803 1993 aliisque
836 1936 929 1982 Ro-

221 1990 390 2045 manis,
426 1992 596 2038 frustra
631 1994 752 2047 licet,
788 1996 928 2042 refra-

219 2050 460 2109 gantibus.
487 2052 675 2111 penitus
703 2055 919 2103 abolevit.

281 2111 354 2173 R7.
385 2111 528 2159 Posui
544 2113 830 2174 adJ‘utorium
850 2130 926 2161 su-

217 2184 303 2228 per
344 2171 601 2229 potentem,
643 2182 691 2220 et
725 2175 923 2222 exaltavi

216 2230 422 2276 elec'tum
458 2232 519 2278 de
557 2234 695 2291 plebe
731 2248 870 2281 mea:
895 2236 922 2260 ⁴³·

219 2289 398 2335 Manus
414 2292 540 2337 enim
558 2307 665 2338 mea
680 2294 923 2340 auxiliabi-

217 2358 293 2395 tur
335 2349 391 2395 ei.
455 2348 516 2407 V.
567 2352 727 2398 Inveni
770 2354 924 2400 David

216 2422 404 2454 servum
429 2422 602 2464 meum,
628 2411 734 2458 όΙεο
756 2413 924 2459 saneto

216 2482 323 2515 meo
346 2470 460 2514 unxi
481 2472 861 2518 eum—Manus.

445 2545 608 2595 Lectio
631 2547 687 2594 vi.

217 2607 373 2730 H
380 2618 446 2665 LI
451 2620 491 2665 A
501 2618 852 2680 quampltirima
858 2623 921 2667 ad

406 2680 685 2739 dignitatem
706 2689 753 2728 et
784 2682 920 2727 disci-

213 2738 392 2797 plt'nam
418 2740 684 2786 Eccclesiae
702 2741 921 2799 speetan-

212 2801 278 2850 tia
319 2800 566 2857 praestitit,
613 2801 825 2854 sancivit,
871 2810 918 2847 et

211 2859 412 2917 scripsit.
481 2859 762 2908 Defenseres
796 2861 919 2909 Aca-

328 3035 451 3080 Pars
473 3034 516 3080 A
523 3034 806 3081 utumnalis.

1004 358 1079 411 cii,
1132 358 1451 418 Euphemium
1502 364 1713 420 praeser-

1004 419 1090 464 tim
1128 419 1710 479 Constantinopolitanum

1003 478 1245 525 damnavit
1274 494 1285 532 ;
1326 480 1607 540 scriptisque
1647 484 1712 528 ad

1003 537 1212 584 diversos
1226 540 1566 587 nervosissimis
1574 542 1713 600 Juxta

1002 607 1147 657 atque
1191 599 1477 646 doctissimis
1525 601 1705 655 litteris,

1002 658 1075 703 vel
1095 672 1178 703 eos
1200 659 1248 704 in
1272 660 1433 705 officio
1454 662 1704 715 continuit.

1002 717 1073 762 vel
1095 718 1365 765 aberrames
1385 719 1583 767 redtixit.
1623 721 1708 767 Pe-

1001 776 1232 834 lagianos,
1279 780 1604 834 Manichaeos,
1658 789 1707 828 et

1000 835 1119 882 alios
1169 838 1430 886 haereticos
1479 841 1701 894 coercuit.

999 895 1260 955 eortimque
1308 898 1453 945 libros
1503 900 1706 958 ptiblicis

998 955 1160 1001 flamm
1167 957 1204 1001 is
1214 958 1334 1003 tradi
1343 958 1535 1004 curavit.
1568 960 1706 1006 Prae-

999 1023 1070 1060 ter
1091 1015 1375 1070 Decretales,
1402 1026 1448 1063 et
1479 1019 1703 1076 Hymnos

998 1074 1352 1129 ecclesiasticos,
1377 1077 1567 1136 egregia
1593 1079 1706 1124 scri-

998 1134 1092 1193 psit
1129 1134 1359 1194 opt'iscula
1395 1147 1562 1183 contra
1605 1138 1706 1185 Ne-

998 1194 1211 1248 sterium,
1231 1196 1413 1250 Arium,
1437 1196 1695 1256 Peliigium‚

996 1262 1042 1300 et
1071 1255 1396 1313 Eutychetem.
1463 1257 1558 1303 Sed
1585 1258 1703 1304 illud

996 1316 1313 1372 praecaeteris
1322 1316 1701 1371 memorandum.

995 1375 1128 1431 quod
1165 1375 1310 1421 libros
1346 1375 1602 1423 canonicos
1637 1378 1702 1423 ab

994 1433 1110 1485 aliis,
1125 1442 1172 1479 et
1186 1434 1413 1492 probatos
1426 1438 1489 1482 ab
1501 1435 1702 1496 apocry-

994 1492 1103 1550 phis
1153 1493 1201 1538 in
1245 1494 1464 1540 Romana
1514 1497 1702 1554 synodo

995 1553 1299 1609 septuaginta
1332 1554 1695 1613 Episcoporum.

995 1611 1218 1668 singulafi
1249 1612 1438 1660 decreto
1467 1614 1695 1661 distInxit.

999 1670 1110 1716 Post
1140 1671 1315 1718 multos
1343 1672 1537 1720 demum
1569 1673 1702 1721 labd-

994 1730 1158 1776 resin
1199 1732 1406 1790 regenda
1450 1733 1701 1780 universali

997 1789 1209 1835 Ecclesia
1256 1791 1535 1845 exantlatos,
1592 1807 1701 1839 san·

993 1848 1246 1903 citissimus
1297 1859 1343 1897 et
1393 1852 1700 1900 doe'tIssimus

994 1908 1212 1955 Pontifex
1248 1910 1325 1968 pie
1359 1910 1476 1958 obiit
1511 1913 1561 1958 in
1598 1912 1700 1960 De-

993 1967 1124 2013 mino
1156 1970 1409 2016 undecimo
1446 1971 1697 2019 Kalendas

993 2028 1268 2075 Decembris
1327 2045 1456 2077 anno
1517 2032 1695 2078 Christi

991 2088 1457 2148 quadringentesimo
1488 2092 1699 2151 nonage-

990 2147 1113 2193 simo
1139 2157 1286 2202 sexto,
1311 2158 1359 2197 et
1383 2149 1597 2209 septiltus
1624 2160 1697 2198 est

990 2206 1038 2252 in
1060 2207 1308 2255 VaticAno.

1047 2268 1123 2328 137.
1193 2269 1287 2314 Iste
1326 2276 1398 2316 est
1448 2269 1533 2327 qui
1583 2278 1698 2316 ante

992 2325 1147 2371 Deum
1161 2341 1361 2386 magnas
1375 2328 1568 2375 virttites
1583 2343 1698 2387 ope-

989 2384 1118 2430 ratus
1158 2395 1243 2438 est,
1290 2396 1337 2432 et
1377 2388 1533 2433 omnis
1573 2396 1698 2435 terra

989 2444 1210 2492 doetrIna
1229 2446 1330 2504 ejus
1351 2446 1531 2505 repleta
1551 2455 1622 2493 est
1638 2443 1692 2494 :⁴⁵⁶

994 2503 1099 2561 Ipse
1127 2505 1384 2552 intercedat
1412 2520 1500 2564 pro
1528 2506 1697 2565 pecca-

989 2563 1049 2608 tis
1069 2561 1283 2611 emnium
1296 2565 1598 2624 populerum.
1618 2560 1686 2622 F·

991 2622 1086 2668 Iste
1105 2631 1177 2671 est
1208 2624 1290 2682 qui
1319 2625 1605 2685 contempsit
1626 2628 1691 2673 vi-

988 2689 1087 2728 tam
1109 2684 1289 2737 mundi,
1315 2692 1362 2730 et
1394 2685 1605 2743 pervenit
1624 2687 1693 2734 ad

986 2743 1209 2790 coelestia
1238 2746 1590 2804 regna—Ipse
1620 2747 1692 2793 in·

987 2803 1210 2850 tercedat.
1240 2798 1402 2852 Gloria
1415 2806 1554 2854 Patri.
1579 2806 1692 2866 Ipse

985 2863 1268 2910 intercedat.
