<?xml version="1.0" encoding="UTF-8"?>
<!DOCTYPE html PUBLIC "-//W3C//DTD XHTML 1.0 Transitional//EN"
    "http://www.w3.org/TR/xhtml1/DTD/xhtml1-transitional.dtd">
<html xmlns="http://www.w3.org/1999/xhtml" xml:lang="en" lang="en">
 <head>
  <title>
</title>
<meta http-equiv="Content-Type" content="text/html;charset=utf-8" />
  <meta name='ocr-system' content='tesseract 3.04.00' />
  <meta name='ocr-capabilities' content='ocr_page ocr_carea ocr_par ocr_line ocrx_word'/>
</head>
<body>
  <div class='ocr_page' id='page_1' title='image "./breviariumroman03churgoog/breviariumroman03churgoog_0763.png"; bbox 0 0 2050 3392; ppageno 0'>
   <div class='ocr_carea' id='block_1_1' title="bbox 313 254 1480 329">
    <p class='ocr_par' dir='ltr' id='par_1_1' title="bbox 313 254 1480 329">
     <span class='ocr_line' id='line_1_1' title="bbox 313 254 1480 329; baseline -0.01 -7"><span class='ocrx_word' id='word_1_1' title='bbox 313 263 528 329; x_wconf 68' lang='lat' dir='ltr'><strong>xxxviii.</strong></span> <span class='ocrx_word' id='word_1_2' title='bbox 629 262 935 317; x_wconf 77' lang='lat' dir='ltr'><em>Commune</em></span> <span class='ocrx_word' id='word_1_3' title='bbox 967 258 1143 315; x_wconf 81' lang='lat' dir='ltr'><strong>unius</strong></span> <span class='ocrx_word' id='word_1_4' title='bbox 1169 254 1480 328; x_wconf 57' lang='lat' dir='ltr'><strong>Martynk.</strong></span> 
     </span>
    </p>
   </div>
   <div class='ocr_carea' id='block_1_2' title="bbox 384 411 1024 614">
    <p class='ocr_par' dir='ltr' id='par_1_2' title="bbox 384 411 1024 614">
     <span class='ocr_line' id='line_1_2' title="bbox 509 411 829 449; baseline -0.009 0"><span class='ocrx_word' id='word_1_5' title='bbox 509 412 588 449; x_wconf 77' lang='lat' dir='ltr'><strong>AD</strong></span> <span class='ocrx_word' id='word_1_6' title='bbox 617 411 829 448; x_wconf 68' lang='lat' dir='ltr'><strong>LAumzs</strong></span> 
     </span>
     <span class='ocr_line' id='line_1_3' title="bbox 416 475 935 540; baseline -0.012 -14"><span class='ocrx_word' id='word_1_7' title='bbox 416 489 464 526; x_wconf 87' lang='lat' dir='ltr'><strong>et</strong></span> <span class='ocrx_word' id='word_1_8' title='bbox 485 493 570 540; x_wconf 88' lang='lat' dir='ltr'><strong>per</strong></span> <span class='ocrx_word' id='word_1_9' title='bbox 591 478 764 531; x_wconf 64' lang='lat' dir='ltr'><strong>Horam,</strong></span> <span class='ocrx_word' id='word_1_10' title='bbox 785 475 935 523; x_wconf 70' lang='lat' dir='ltr'><strong>Asiae.</strong></span> 
     </span>
     <span class='ocr_line' id='line_1_4' title="bbox 384 550 1024 614; baseline -0.011 -10"><span class='ocrx_word' id='word_1_11' title='bbox 384 572 422 604; x_wconf 90' lang='lat'><strong>1.</strong></span> <span class='ocrx_word' id='word_1_12' title='bbox 450 556 545 614; x_wconf 88' lang='lat' dir='ltr'><strong>Qui</strong></span> <span class='ocrx_word' id='word_1_13' title='bbox 565 568 643 602; x_wconf 91' lang='lat' dir='ltr'><strong>me</strong></span> <span class='ocrx_word' id='word_1_14' title='bbox 662 551 914 600; x_wconf 70' lang='lat' dir='ltr'><strong>confessus,</strong></span> <span class='ocrx_word' id='word_1_15' title='bbox 926 550 1024 598; x_wconf 73' lang='lat' dir='ltr'><strong>fue-</strong></span> 
     </span>
    </p>
   </div>
   <div class='ocr_carea' id='block_1_3' title="bbox 1081 377 1743 556">
    <p class='ocr_par' dir='ltr' id='par_1_3' title="bbox 1081 377 1743 556">
     <span class='ocr_line' id='line_1_5' title="bbox 1081 377 1647 443; baseline -0.007 -16"><span class='ocrx_word' id='word_1_16' title='bbox 1081 380 1194 443; x_wconf 64' lang='lat' dir='ltr'><strong>3Tui</strong></span> <span class='ocrx_word' id='word_1_17' title='bbox 1212 377 1386 426; x_wconf 65' lang='lat' dir='ltr'><strong>sacrati</strong></span> <span class='ocrx_word' id='word_1_18' title='bbox 1407 377 1647 436; x_wconf 73' lang='lat' dir='ltr'><strong>cdx-poris:</strong></span> 
     </span>
     <span class='ocr_line' id='line_1_6' title="bbox 1105 435 1743 491; baseline -0.006 -5"><span class='ocrx_word' id='word_1_19' title='bbox 1105 441 1209 486; x_wconf 91' lang='lat' dir='ltr'><strong>Nos</strong></span> <span class='ocrx_word' id='word_1_20' title='bbox 1225 440 1355 485; x_wconf 86' lang='lat' dir='ltr'><strong>solve</strong></span> <span class='ocrx_word' id='word_1_21' title='bbox 1371 439 1535 484; x_wconf 91' lang='lat' dir='ltr'><strong>vinclis</strong></span> <span class='ocrx_word' id='word_1_22' title='bbox 1556 435 1743 491; x_wconf 52' lang='lat' dir='ltr'><strong>saecun,</strong></span> 
     </span>
     <span class='ocr_line' id='line_1_7' title="bbox 1102 497 1713 556; baseline -0.007 -10"><span class='ocrx_word' id='word_1_23' title='bbox 1102 501 1247 546; x_wconf 90' lang='lat' dir='ltr'><strong>Dono</strong></span> <span class='ocrx_word' id='word_1_24' title='bbox 1267 498 1458 556; x_wconf 77' lang='lat' dir='ltr'><strong>superni</strong></span> <span class='ocrx_word' id='word_1_25' title='bbox 1476 497 1713 542; x_wconf 78' lang='lat' dir='ltr'><strong>Numinis.</strong></span> 
     </span>
    </p>
   </div>
   <div class='ocr_carea' id='block_1_4' title="bbox 1165 557 1689 616">
    <p class='ocr_par' dir='ltr' id='par_1_4' title="bbox 1165 557 1689 616">
     <span class='ocr_line' id='line_1_8' title="bbox 1165 557 1689 616; baseline -0.004 -12"><span class='ocrx_word' id='word_1_26' title='bbox 1165 559 1269 604; x_wconf 84' lang='lat' dir='ltr'><strong>Deo</strong></span> <span class='ocrx_word' id='word_1_27' title='bbox 1293 557 1420 603; x_wconf 87' lang='lat' dir='ltr'><strong>Patri</strong></span> <span class='ocrx_word' id='word_1_28' title='bbox 1441 557 1501 603; x_wconf 83' lang='lat' dir='ltr'><strong>sit</strong></span> <span class='ocrx_word' id='word_1_29' title='bbox 1522 557 1689 616; x_wconf 79' lang='lat' dir='ltr'><strong>gl6ria,</strong></span> 
     </span>
    </p>
   </div>
   <div class='ocr_carea' id='block_1_5' title="bbox 323 611 1819 795">
    <p class='ocr_par' dir='ltr' id='par_1_5' title="bbox 323 611 1819 795">
     <span class='ocr_line' id='line_1_9' title="bbox 323 611 1608 678; baseline -0.007 -14"><span class='ocrx_word' id='word_1_30' title='bbox 323 618 383 664; x_wconf 88' lang='lat' dir='ltr'><strong>rit</strong></span> <span class='ocrx_word' id='word_1_31' title='bbox 439 613 467 639; x_wconf 70' lang='lat'><strong>⁴‘</strong></span> <span class='ocrx_word' id='word_1_32' title='bbox 511 628 671 662; x_wconf 89' lang='lat' dir='ltr'><strong>coram</strong></span> <span class='ocrx_word' id='word_1_33' title='bbox 732 611 1020 665; x_wconf 79' lang='lat' dir='ltr'><strong>hominibus,</strong></span> <span class='ocrx_word' id='word_1_34' title='bbox 1105 619 1317 678; x_wconf 69' lang='lat' dir='ltr'><strong>Ejfisque</strong></span> <span class='ocrx_word' id='word_1_35' title='bbox 1353 617 1441 663; x_wconf 80' lang='lat' dir='ltr'><strong>soli</strong></span> <span class='ocrx_word' id='word_1_36' title='bbox 1476 617 1608 671; x_wconf 74' lang='lat' dir='ltr'><strong>Fssio,</strong></span> 
     </span>
     <span class='ocr_line' id='line_1_10' title="bbox 324 675 1689 735; baseline -0.004 -13"><span class='ocrx_word' id='word_1_37' title='bbox 324 675 585 727; x_wconf 77' lang='lat' dir='ltr'><strong>confitebor</strong></span> <span class='ocrx_word' id='word_1_38' title='bbox 603 681 650 719; x_wconf 90' lang='lat' dir='ltr'><strong>et</strong></span> <span class='ocrx_word' id='word_1_39' title='bbox 680 676 774 730; x_wconf 70' lang='lat' dir='ltr'><strong>eg‘o</strong></span> <span class='ocrx_word' id='word_1_40' title='bbox 804 685 917 716; x_wconf 89' lang='lat' dir='ltr'><strong>eum</strong></span> <span class='ocrx_word' id='word_1_41' title='bbox 946 685 1028 716; x_wconf 87' lang='lat' dir='ltr'><strong>co-</strong></span> <span class='ocrx_word' id='word_1_42' title='bbox 1103 679 1230 724; x_wconf 80' lang='lat' dir='ltr'><strong>Cum</strong></span> <span class='ocrx_word' id='word_1_43' title='bbox 1246 677 1424 735; x_wconf 72' lang='lat' dir='ltr'><strong>Spiritu</strong></span> <span class='ocrx_word' id='word_1_44' title='bbox 1439 676 1689 729; x_wconf 62' lang='lat' dir='ltr'><strong>paraclito,</strong></span> 
     </span>
     <span class='ocr_line' id='line_1_11' title="bbox 324 729 1819 795; baseline -0.007 -15"><span class='ocrx_word' id='word_1_45' title='bbox 324 749 425 780; x_wconf 89' lang='lat' dir='ltr'><strong>ram</strong></span> <span class='ocrx_word' id='word_1_46' title='bbox 459 733 597 779; x_wconf 86' lang='lat' dir='ltr'><strong>Patre</strong></span> <span class='ocrx_word' id='word_1_47' title='bbox 627 746 750 778; x_wconf 88' lang='lat' dir='ltr'><strong>meo.</strong></span> <span class='ocrx_word' id='word_1_48' title='bbox 800 729 1032 776; x_wconf 87' lang='lat' dir='ltr'><strong>Psalmus.</strong></span> <span class='ocrx_word' id='word_1_49' title='bbox 1106 737 1265 790; x_wconf 71' lang='lat' dir='ltr'><strong>Nunc,</strong></span> <span class='ocrx_word' id='word_1_50' title='bbox 1292 745 1340 783; x_wconf 74' lang='lat' dir='ltr'><strong>et</strong></span> <span class='ocrx_word' id='word_1_51' title='bbox 1363 750 1450 795; x_wconf 72' lang='lat' dir='ltr'><strong>per</strong></span> <span class='ocrx_word' id='word_1_52' title='bbox 1480 750 1622 783; x_wconf 72' lang='lat' dir='ltr'><strong>omne</strong></span> <span class='ocrx_word' id='word_1_53' title='bbox 1651 747 1819 781; x_wconf 68' lang='lat' dir='ltr'><strong>saecu.</strong></span> 
     </span>
    </p>
   </div>
   <div class='ocr_carea' id='block_1_6' title="bbox 327 790 1039 970">
    <p class='ocr_par' dir='ltr' id='par_1_6' title="bbox 327 790 1039 970">
     <span class='ocr_line' id='line_1_12' title="bbox 327 790 1039 850; baseline -0.01 -10"><span class='ocrx_word' id='word_1_54' title='bbox 327 793 561 840; x_wconf 69' lang='lat' dir='ltr'><strong>deiuus</strong></span> <span class='ocrx_word' id='word_1_55' title='bbox 582 790 810 850; x_wconf 74' lang='lat' dir='ltr'><strong>regnavit,</strong></span> <span class='ocrx_word' id='word_1_56' title='bbox 841 804 952 836; x_wconf 86' lang='lat' dir='ltr'><strong>cum</strong></span> <span class='ocrx_word' id='word_1_57' title='bbox 969 803 1039 834; x_wconf 87' lang='lat' dir='ltr'><strong>re-</strong></span> 
     </span>
     <span class='ocr_line' id='line_1_13' title="bbox 327 850 575 911; baseline 0.004 -14"><span class='ocrx_word' id='word_1_58' title='bbox 327 850 479 911; x_wconf 83' lang='lat' dir='ltr'><strong>liquis.</strong></span> <span class='ocrx_word' id='word_1_59' title='bbox 506 853 575 898; x_wconf 90' lang='lat'><strong>18.</strong></span> 
     </span>
     <span class='ocr_line' id='line_1_14' title="bbox 384 908 1037 970; baseline -0.006 -12"><span class='ocrx_word' id='word_1_60' title='bbox 384 926 426 959; x_wconf 87' lang='lat'><strong>2.</strong></span> <span class='ocrx_word' id='word_1_61' title='bbox 449 912 545 968; x_wconf 86' lang='lat' dir='ltr'><strong>Qui</strong></span> <span class='ocrx_word' id='word_1_62' title='bbox 567 911 780 970; x_wconf 74' lang='lat' dir='ltr'><strong>sequitur</strong></span> <span class='ocrx_word' id='word_1_63' title='bbox 794 922 886 964; x_wconf 84' lang='lat' dir='ltr'><strong>me,</strong></span> <span class='ocrx_word' id='word_1_64' title='bbox 899 908 928 934; x_wconf 68' lang='lat'><strong>³*</strong></span> <span class='ocrx_word' id='word_1_65' title='bbox 939 921 1037 955; x_wconf 90' lang='lat' dir='ltr'><strong>non</strong></span> 
     </span>
    </p>
   </div>
   <div class='ocr_carea' id='block_1_7' title="bbox 1110 797 1822 975">
    <p class='ocr_par' dir='ltr' id='par_1_7' title="bbox 1110 797 1822 975">
     <span class='ocr_line' id='line_1_15' title="bbox 1193 797 1513 843; baseline 0 -2"><span class='ocrx_word' id='word_1_66' title='bbox 1193 797 1306 843; x_wconf 90' lang='lat' dir='ltr'><strong>lum.</strong></span> <span class='ocrx_word' id='word_1_67' title='bbox 1342 797 1513 842; x_wconf 89' lang='lat' dir='ltr'><strong>Amen.</strong></span> 
     </span>
     <span class='ocr_line' id='line_1_16' title="bbox 1172 853 1822 921; baseline -0.006 -17"><span class='ocrx_word' id='word_1_68' title='bbox 1172 855 1235 916; x_wconf 65' lang='lat'><strong>77.</strong></span> <span class='ocrx_word' id='word_1_69' title='bbox 1252 856 1423 921; x_wconf 85' lang='lat' dir='ltr'><strong>Justus</strong></span> <span class='ocrx_word' id='word_1_70' title='bbox 1452 864 1507 902; x_wconf 90' lang='lat' dir='ltr'><strong>ut</strong></span> <span class='ocrx_word' id='word_1_71' title='bbox 1536 855 1702 914; x_wconf 88' lang='lat' dir='ltr'><strong>palma</strong></span> <span class='ocrx_word' id='word_1_72' title='bbox 1728 853 1822 900; x_wconf 88' lang='lat' dir='ltr'><strong>flo-</strong></span> 
     </span>
     <span class='ocr_line' id='line_1_17' title="bbox 1110 913 1822 975; baseline -0.006 -12"><span class='ocrx_word' id='word_1_73' title='bbox 1110 916 1244 963; x_wconf 77' lang='lat' dir='ltr'><strong>rebit.</strong></span> <span class='ocrx_word' id='word_1_74' title='bbox 1284 915 1359 975; x_wconf 84' lang='lat' dir='ltr'><strong>R7.</strong></span> <span class='ocrx_word' id='word_1_75' title='bbox 1394 916 1527 962; x_wconf 91' lang='lat' dir='ltr'><strong>Sicut</strong></span> <span class='ocrx_word' id='word_1_76' title='bbox 1547 917 1716 961; x_wconf 88' lang='lat' dir='ltr'>cedrus</span> <span class='ocrx_word' id='word_1_77' title='bbox 1737 913 1822 960; x_wconf 79' lang='lat' dir='ltr'><strong>Li·</strong></span> 
     </span>
    </p>
   </div>
   <div class='ocr_carea' id='block_1_8' title="bbox 328 969 1644 1035">
    <p class='ocr_par' dir='ltr' id='par_1_8' title="bbox 328 969 1644 1035">
     <span class='ocr_line' id='line_1_18' title="bbox 328 969 1644 1035; baseline -0.002 -17"><span class='ocrx_word' id='word_1_78' title='bbox 328 971 543 1019; x_wconf 67' lang='lat' dir='ltr'><strong>ambulat</strong></span> <span class='ocrx_word' id='word_1_79' title='bbox 585 972 635 1017; x_wconf 93' lang='lat' dir='ltr'><strong>in</strong></span> <span class='ocrx_word' id='word_1_80' title='bbox 676 970 881 1016; x_wconf 75' lang='lat' dir='ltr'><strong>tenebris</strong></span> <span class='ocrx_word' id='word_1_81' title='bbox 895 1004 906 1024; x_wconf 91' lang='grc'>,</span> <span class='ocrx_word' id='word_1_82' title='bbox 952 969 1039 1014; x_wconf 91' lang='lat' dir='ltr'><strong>sed</strong></span> <span class='ocrx_word' id='word_1_83' title='bbox 1107 976 1219 1022; x_wconf 75' lang='lat' dir='ltr'><strong>bani</strong></span> <span class='ocrx_word' id='word_1_84' title='bbox 1240 975 1644 1035; x_wconf 58' lang='lat' dir='ltr'><strong>multiplicabitur,</strong></span> 
     </span>
    </p>
   </div>
   <div class='ocr_carea' id='block_1_9' title="bbox 331 1028 1046 1793">
    <p class='ocr_par' dir='ltr' id='par_1_9' title="bbox 331 1028 1039 1138">
     <span class='ocr_line' id='line_1_19' title="bbox 331 1028 1039 1082; baseline -0.008 -4"><span class='ocrx_word' id='word_1_85' title='bbox 331 1032 526 1078; x_wconf 77' lang='lat' dir='ltr'><strong>habebit</strong></span> <span class='ocrx_word' id='word_1_86' title='bbox 558 1031 719 1076; x_wconf 87' lang='lat' dir='ltr'><strong>lumen</strong></span> <span class='ocrx_word' id='word_1_87' title='bbox 748 1030 887 1082; x_wconf 84' lang='lat' dir='ltr'><strong>vitae,</strong></span> <span class='ocrx_word' id='word_1_88' title='bbox 924 1028 1039 1074; x_wconf 84' lang='lat' dir='ltr'><strong>dicit</strong></span> 
     </span>
     <span class='ocr_line' id='line_1_20' title="bbox 331 1091 582 1138; baseline -0.004 -1"><span class='ocrx_word' id='word_1_89' title='bbox 331 1091 582 1138; x_wconf 72' lang='lat' dir='ltr'><strong>deinus.</strong></span> 
     </span>
    </p>

    <p class='ocr_par' dir='ltr' id='par_1_10' title="bbox 335 1146 1045 1375">
     <span class='ocr_line' id='line_1_21' title="bbox 393 1146 1045 1210; baseline -0.003 -15"><span class='ocrx_word' id='word_1_90' title='bbox 393 1165 435 1210; x_wconf 83' lang='lat'><strong>3.</strong></span> <span class='ocrx_word' id='word_1_91' title='bbox 472 1150 566 1207; x_wconf 91' lang='lat' dir='ltr'><strong>Qui</strong></span> <span class='ocrx_word' id='word_1_92' title='bbox 598 1149 714 1195; x_wconf 91' lang='lat' dir='ltr'><strong>mihi</strong></span> <span class='ocrx_word' id='word_1_93' title='bbox 736 1146 985 1201; x_wconf 76' lang='lat' dir='ltr'><strong>ministrat,</strong></span> <span class='ocrx_word' id='word_1_94' title='bbox 1017 1146 1045 1172; x_wconf 68' lang='lat'><strong>⁴*</strong></span> 
     </span>
     <span class='ocr_line' id='line_1_22' title="bbox 335 1207 1044 1266; baseline -0.006 -10"><span class='ocrx_word' id='word_1_95' title='bbox 335 1224 415 1256; x_wconf 86' lang='lat' dir='ltr'><strong>me</strong></span> <span class='ocrx_word' id='word_1_96' title='bbox 450 1208 708 1266; x_wconf 70' lang='lat' dir='ltr'><strong>sequatur:</strong></span> <span class='ocrx_word' id='word_1_97' title='bbox 748 1215 796 1253; x_wconf 91' lang='lat' dir='ltr'><strong>et</strong></span> <span class='ocrx_word' id='word_1_98' title='bbox 832 1207 913 1253; x_wconf 90' lang='lat' dir='ltr'><strong>ubi</strong></span> <span class='ocrx_word' id='word_1_99' title='bbox 949 1221 1044 1265; x_wconf 88' lang='lat' dir='ltr'><strong>ego</strong></span> 
     </span>
     <span class='ocr_line' id='line_1_23' title="bbox 338 1267 1045 1322; baseline -0.006 -6"><span class='ocrx_word' id='word_1_100' title='bbox 338 1283 459 1322; x_wconf 87' lang='lat' dir='ltr'><strong>sum,</strong></span> <span class='ocrx_word' id='word_1_101' title='bbox 506 1267 599 1312; x_wconf 86' lang='lat' dir='ltr'><strong>iuie</strong></span> <span class='ocrx_word' id='word_1_102' title='bbox 639 1267 701 1312; x_wconf 89' lang='lat' dir='ltr'><strong>sit</strong></span> <span class='ocrx_word' id='word_1_103' title='bbox 742 1273 789 1313; x_wconf 91' lang='lat' dir='ltr'><strong>et</strong></span> <span class='ocrx_word' id='word_1_104' title='bbox 830 1267 1045 1313; x_wconf 84' lang='lat' dir='ltr'><strong>minister</strong></span> 
     </span>
     <span class='ocr_line' id='line_1_24' title="bbox 336 1342 485 1375; baseline -0.013 0"><span class='ocrx_word' id='word_1_105' title='bbox 336 1342 485 1375; x_wconf 89' lang='lat' dir='ltr'><strong>meus.</strong></span> 
     </span>
    </p>

    <p class='ocr_par' dir='ltr' id='par_1_11' title="bbox 334 1385 1046 1626">
     <span class='ocr_line' id='line_1_25' title="bbox 390 1385 1044 1446; baseline 0 -14"><span class='ocrx_word' id='word_1_106' title='bbox 390 1401 432 1446; x_wconf 84' lang='lat'><em>4</em></span> <span class='ocrx_word' id='word_1_107' title='bbox 471 1386 523 1433; x_wconf 91' lang='lat' dir='ltr'><strong>Si</strong></span> <span class='ocrx_word' id='word_1_108' title='bbox 577 1385 650 1431; x_wconf 90' lang='lat' dir='ltr'><strong>uis</strong></span> <span class='ocrx_word' id='word_1_109' title='bbox 671 1385 787 1431; x_wconf 82' lang='lat' dir='ltr'><strong>mihi</strong></span> <span class='ocrx_word' id='word_1_110' title='bbox 808 1385 1044 1432; x_wconf 73' lang='lat' dir='ltr'><strong>ministra-</strong></span> 
     </span>
     <span class='ocr_line' id='line_1_26' title="bbox 334 1444 1043 1500; baseline -0.003 -8"><span class='ocrx_word' id='word_1_111' title='bbox 334 1447 465 1500; x_wconf 87' lang='lat' dir='ltr'><strong>verit,</strong></span> <span class='ocrx_word' id='word_1_112' title='bbox 504 1445 532 1472; x_wconf 71' lang='lat'><em>*</em></span> <span class='ocrx_word' id='word_1_113' title='bbox 596 1444 892 1493; x_wconf 75' lang='lat' dir='ltr'><strong>onorificabit</strong></span> <span class='ocrx_word' id='word_1_114' title='bbox 932 1458 1043 1491; x_wconf 88' lang='lat' dir='ltr'><strong>eum</strong></span> 
     </span>
     <span class='ocr_line' id='line_1_27' title="bbox 337 1504 1046 1564; baseline -0.003 -12"><span class='ocrx_word' id='word_1_115' title='bbox 337 1507 478 1553; x_wconf 89' lang='lat' dir='ltr'><strong>Pater</strong></span> <span class='ocrx_word' id='word_1_116' title='bbox 495 1519 645 1559; x_wconf 87' lang='lat' dir='ltr'><strong>meus,</strong></span> <span class='ocrx_word' id='word_1_117' title='bbox 671 1504 847 1564; x_wconf 15' lang='lat' dir='ltr'><strong>quitest</strong></span> <span class='ocrx_word' id='word_1_118' title='bbox 866 1505 916 1551; x_wconf 90' lang='lat' dir='ltr'><strong>in</strong></span> <span class='ocrx_word' id='word_1_119' title='bbox 936 1519 1046 1552; x_wconf 88' lang='lat' dir='ltr'><strong>coe-</strong></span> 
     </span>
     <span class='ocr_line' id='line_1_28' title="bbox 334 1565 821 1626; baseline 0 -13"><span class='ocrx_word' id='word_1_120' title='bbox 334 1567 406 1619; x_wconf 89' lang='lat' dir='ltr'><strong>lis,</strong></span> <span class='ocrx_word' id='word_1_121' title='bbox 433 1565 547 1612; x_wconf 88' lang='lat' dir='ltr'><strong>dicit</strong></span> <span class='ocrx_word' id='word_1_122' title='bbox 571 1565 821 1626; x_wconf 79' lang='lat' dir='ltr'><strong>D6minus.</strong></span> 
     </span>
    </p>

    <p class='ocr_par' dir='ltr' id='par_1_12' title="bbox 338 1623 1044 1793">
     <span class='ocr_line' id='line_1_29' title="bbox 398 1623 1042 1686; baseline 0 -16"><span class='ocrx_word' id='word_1_123' title='bbox 398 1637 439 1686; x_wconf 87' lang='lat'><strong>5.</strong></span> <span class='ocrx_word' id='word_1_124' title='bbox 476 1625 617 1679; x_wconf 89' lang='lat' dir='ltr'>Volo,</span> <span class='ocrx_word' id='word_1_125' title='bbox 656 1625 807 1679; x_wconf 87' lang='lat' dir='ltr'><strong>Pater,</strong></span> <span class='ocrx_word' id='word_1_126' title='bbox 836 1623 864 1649; x_wconf 68' lang='lat'><strong>⁴*</strong></span> <span class='ocrx_word' id='word_1_127' title='bbox 883 1632 937 1671; x_wconf 89' lang='lat' dir='ltr'><strong>ut</strong></span> <span class='ocrx_word' id='word_1_128' title='bbox 960 1625 1042 1670; x_wconf 90' lang='lat' dir='ltr'><strong>ubi</strong></span> 
     </span>
     <span class='ocr_line' id='line_1_30' title="bbox 340 1684 1044 1746; baseline -0.003 -14"><span class='ocrx_word' id='word_1_129' title='bbox 340 1700 433 1746; x_wconf 87' lang='lat' dir='ltr'><strong>ego</strong></span> <span class='ocrx_word' id='word_1_130' title='bbox 463 1700 584 1740; x_wconf 89' lang='lat' dir='ltr'><strong>sum,</strong></span> <span class='ocrx_word' id='word_1_131' title='bbox 619 1685 712 1732; x_wconf 87' lang='lat' dir='ltr'><strong>illic</strong></span> <span class='ocrx_word' id='word_1_132' title='bbox 741 1685 801 1732; x_wconf 89' lang='lat' dir='ltr'><strong>sit</strong></span> <span class='ocrx_word' id='word_1_133' title='bbox 832 1692 878 1731; x_wconf 85' lang='lat' dir='ltr'><strong>et</strong></span> <span class='ocrx_word' id='word_1_134' title='bbox 909 1684 1044 1731; x_wconf 88' lang='lat' dir='ltr'><strong>mini-</strong></span> 
     </span>
     <span class='ocr_line' id='line_1_31' title="bbox 338 1755 604 1793; baseline -0.011 0"><span class='ocrx_word' id='word_1_135' title='bbox 338 1755 438 1793; x_wconf 84' lang='lat' dir='ltr'><strong>ster</strong></span> <span class='ocrx_word' id='word_1_136' title='bbox 456 1759 604 1791; x_wconf 79' lang='lat' dir='ltr'><strong>meus,</strong></span> 
     </span>
    </p>
   </div>
   <div class='ocr_carea' id='block_1_10' title="bbox 401 1821 999 1885">
    <p class='ocr_par' dir='ltr' id='par_1_13' title="bbox 401 1821 999 1885">
     <span class='ocr_line' id='line_1_32' title="bbox 401 1821 999 1885; baseline -0.007 -14"><span class='ocrx_word' id='word_1_137' title='bbox 401 1825 691 1885; x_wconf 81' lang='lat' dir='ltr'><strong>Capitulum.</strong></span> <span class='ocrx_word' id='word_1_138' title='bbox 738 1821 853 1885; x_wconf 88' lang='lat' dir='ltr'><strong>Jac.</strong></span> <span class='ocrx_word' id='word_1_139' title='bbox 889 1822 917 1869; x_wconf 89' lang='lat' dir='ltr'><strong>i.</strong></span> <span class='ocrx_word' id='word_1_140' title='bbox 958 1822 999 1867; x_wconf 85' lang='lat' dir='ltr'><strong>b.</strong></span> 
     </span>
    </p>
   </div>
   <div class='ocr_carea' id='block_1_11' title="bbox 341 1897 1046 2078">
    <p class='ocr_par' dir='ltr' id='par_1_14' title="bbox 341 1897 1046 2078">
     <span class='ocr_line' id='line_1_33' title="bbox 342 1897 1046 2066; baseline -0.004 -120"><span class='ocrx_word' id='word_1_141' title='bbox 342 1899 712 2066; x_wconf 51' lang='lat' dir='ltr'>ssEATUS</span> <span class='ocrx_word' id='word_1_142' title='bbox 731 1900 813 1953; x_wconf 83' lang='lat' dir='ltr'><strong>vir,</strong></span> <span class='ocrx_word' id='word_1_143' title='bbox 840 1899 922 1958; x_wconf 90' lang='lat' dir='ltr'><strong>qui</strong></span> <span class='ocrx_word' id='word_1_144' title='bbox 949 1897 1046 1944; x_wconf 84' lang='lat' dir='ltr'><strong>suf-</strong></span> 
     </span>
     <span class='ocr_line' id='line_1_34' title="bbox 516 1958 1043 2005; baseline -0.004 -1"><span class='ocrx_word' id='word_1_145' title='bbox 516 1959 606 2004; x_wconf 85' lang='lat' dir='ltr'><strong>fert</strong></span> <span class='ocrx_word' id='word_1_146' title='bbox 682 1958 994 2005; x_wconf 70' lang='lat' dir='ltr'><strong>tentatidnem</strong></span> <span class='ocrx_word' id='word_1_147' title='bbox 1033 1971 1043 2002; x_wconf 93' lang='lat'><strong>:</strong></span> 
     </span>
     <span class='ocr_line' id='line_1_35' title="bbox 341 2016 1046 2078; baseline -0.004 -14"><span class='ocrx_word' id='word_1_148' title='bbox 341 2033 407 2078; x_wconf 88' lang='lat' dir='ltr'><strong>qu</strong></span> <span class='ocrx_word' id='word_1_149' title='bbox 440 2018 569 2063; x_wconf 87' lang='lat' dir='ltr'><strong>niam</strong></span> <span class='ocrx_word' id='word_1_150' title='bbox 590 2032 700 2063; x_wconf 90' lang='lat' dir='ltr'><strong>cum</strong></span> <span class='ocrx_word' id='word_1_151' title='bbox 721 2016 953 2075; x_wconf 73' lang='lat' dir='ltr'><strong>probatus</strong></span> <span class='ocrx_word' id='word_1_152' title='bbox 974 2016 1046 2062; x_wconf 77' lang='lat' dir='ltr'><strong>fu-</strong></span> 
     </span>
    </p>
   </div>
   <div class='ocr_carea' id='block_1_12' title="bbox 337 2075 1048 2193">
    <p class='ocr_par' dir='ltr' id='par_1_15' title="bbox 337 2075 1048 2193">
     <span class='ocr_line' id='line_1_36' title="bbox 337 2075 1048 2134; baseline -0.004 -11"><span class='ocrx_word' id='word_1_153' title='bbox 337 2078 440 2131; x_wconf 85' lang='lat' dir='ltr'><strong>erit,</strong></span> <span class='ocrx_word' id='word_1_154' title='bbox 480 2076 681 2134; x_wconf 78' lang='lat' dir='ltr'><strong>accipiet</strong></span> <span class='ocrx_word' id='word_1_155' title='bbox 721 2075 950 2122; x_wconf 67' lang='lat' dir='ltr'><strong>cortinam</strong></span> <span class='ocrx_word' id='word_1_156' title='bbox 980 2076 1048 2120; x_wconf 87' lang='lat' dir='ltr'><strong>vi-</strong></span> 
     </span>
     <span class='ocr_line' id='line_1_37' title="bbox 339 2134 1048 2193; baseline -0.003 -11"><span class='ocrx_word' id='word_1_157' title='bbox 339 2145 431 2190; x_wconf 88' lang='lat' dir='ltr'><strong>tae,</strong></span> <span class='ocrx_word' id='word_1_158' title='bbox 490 2149 603 2181; x_wconf 88' lang='lat' dir='ltr'><strong>uam</strong></span> <span class='ocrx_word' id='word_1_159' title='bbox 624 2134 893 2193; x_wconf 84' lang='lat' dir='ltr'><strong>repromisit</strong></span> <span class='ocrx_word' id='word_1_160' title='bbox 914 2135 1048 2180; x_wconf 89' lang='lat' dir='ltr'><strong>Deus</strong></span> 
     </span>
    </p>
   </div>
   <div class='ocr_carea' id='block_1_13' title="bbox 340 2195 729 2256">
    <p class='ocr_par' dir='ltr' id='par_1_16' title="bbox 340 2195 729 2256">
     <span class='ocr_line' id='line_1_38' title="bbox 340 2195 729 2256; baseline -0.008 -14"><span class='ocrx_word' id='word_1_161' title='bbox 340 2196 457 2256; x_wconf 87' lang='lat' dir='ltr'><strong>dilig</strong></span> <span class='ocrx_word' id='word_1_162' title='bbox 486 2195 645 2240; x_wconf 86' lang='lat' dir='ltr'><strong>ntibus</strong></span> <span class='ocrx_word' id='word_1_163' title='bbox 664 2207 729 2240; x_wconf 88' lang='lat' dir='ltr'><strong>se.</strong></span> 
     </span>
    </p>
   </div>
   <div class='ocr_carea' id='block_1_14' title="bbox 345 2273 1034 2519">
    <p class='ocr_par' dir='ltr' id='par_1_17' title="bbox 345 2273 1034 2519">
     <span class='ocr_line' id='line_1_39' title="bbox 572 2273 811 2336; baseline 0 -15"><span class='ocrx_word' id='word_1_164' title='bbox 572 2273 811 2336; x_wconf 78' lang='lat' dir='ltr'><strong>Hymnus,</strong></span> 
     </span>
     <span class='ocr_line' id='line_1_40' title="bbox 451 2348 1034 2424; baseline -0.01 -27"><span class='ocrx_word' id='word_1_165' title='bbox 451 2350 502 2424; x_wconf 38' lang='lat' dir='ltr'><strong>N,</strong></span> <span class='ocrx_word' id='word_1_166' title='bbox 513 2349 595 2396; x_wconf 91' lang='lat' dir='ltr'><strong>VI</strong></span> <span class='ocrx_word' id='word_1_167' title='bbox 612 2348 653 2395; x_wconf 92' lang='lat' dir='ltr'>C</span> <span class='ocrx_word' id='word_1_168' title='bbox 666 2349 711 2395; x_wconf 91' lang='lat' dir='ltr'>T</span> <span class='ocrx_word' id='word_1_169' title='bbox 727 2349 770 2394; x_wconf 92' lang='lat' dir='ltr'>E</span> <span class='ocrx_word' id='word_1_170' title='bbox 827 2348 1034 2407; x_wconf 85' lang='lat' dir='ltr'><strong>Martyr‚</strong></span> 
     </span>
     <span class='ocr_line' id='line_1_41' title="bbox 477 2423 672 2455; baseline 0 0"><span class='ocrx_word' id='word_1_171' title='bbox 477 2423 672 2455; x_wconf 77' lang='lat' dir='ltr'><strong>unicum</strong></span> 
     </span>
     <span class='ocr_line' id='line_1_42' title="bbox 345 2466 925 2519; baseline -0.01 -2"><span class='ocrx_word' id='word_1_172' title='bbox 345 2470 499 2517; x_wconf 86' lang='lat' dir='ltr'><strong>Patris</strong></span> <span class='ocrx_word' id='word_1_173' title='bbox 529 2468 718 2515; x_wconf 75' lang='lat' dir='ltr'><strong>secutus</strong></span> <span class='ocrx_word' id='word_1_174' title='bbox 740 2466 925 2519; x_wconf 83' lang='lat' dir='ltr'><strong>Filium,</strong></span> 
     </span>
    </p>
   </div>
   <div class='ocr_carea' id='block_1_15' title="bbox 343 2525 1045 2585">
    <p class='ocr_par' dir='ltr' id='par_1_18' title="bbox 343 2525 1045 2585">
     <span class='ocr_line' id='line_1_43' title="bbox 343 2525 1045 2585; baseline -0.007 -10"><span class='ocrx_word' id='word_1_175' title='bbox 343 2530 497 2575; x_wconf 69' lang='lat' dir='ltr'><strong>Vid&#39;tis</strong></span> <span class='ocrx_word' id='word_1_176' title='bbox 517 2527 783 2585; x_wconf 79' lang='lat' dir='ltr'><strong>triumphas</strong></span> <span class='ocrx_word' id='word_1_177' title='bbox 812 2525 1045 2578; x_wconf 70' lang='lat' dir='ltr'><strong>hdstibus‚</strong></span> 
     </span>
    </p>
   </div>
   <div class='ocr_carea' id='block_1_16' title="bbox 344 2585 1003 2879">
    <p class='ocr_par' dir='ltr' id='par_1_19' title="bbox 344 2585 1003 2879">
     <span class='ocr_line' id='line_1_44' title="bbox 344 2585 1003 2636; baseline -0.011 0"><span class='ocrx_word' id='word_1_178' title='bbox 344 2589 514 2636; x_wconf 72' lang='lat' dir='ltr'><strong>Vicstor</strong></span> <span class='ocrx_word' id='word_1_179' title='bbox 529 2587 691 2632; x_wconf 82' lang='lat' dir='ltr'><strong>fruens</strong></span> <span class='ocrx_word' id='word_1_180' title='bbox 711 2585 1003 2631; x_wconf 75' lang='lat' dir='ltr'><strong>coelestibus.</strong></span> 
     </span>
     <span class='ocr_line' id='line_1_45' title="bbox 406 2644 959 2704; baseline -0.014 -8"><span class='ocrx_word' id='word_1_181' title='bbox 406 2648 500 2697; x_wconf 83' lang='lat' dir='ltr'><strong>Tui</strong></span> <span class='ocrx_word' id='word_1_182' title='bbox 524 2645 742 2704; x_wconf 73' lang='lat' dir='ltr'><strong>precatus</strong></span> <span class='ocrx_word' id='word_1_183' title='bbox 762 2644 959 2689; x_wconf 75' lang='lat' dir='ltr'><strong>munere</strong></span> 
     </span>
     <span class='ocr_line' id='line_1_46' title="bbox 350 2703 952 2755; baseline -0.01 -2"><span class='ocrx_word' id='word_1_184' title='bbox 350 2707 584 2753; x_wconf 87' lang='lat' dir='ltr'><strong>Nostrum</strong></span> <span class='ocrx_word' id='word_1_185' title='bbox 604 2704 789 2749; x_wconf 76' lang='lat' dir='ltr'><strong>reatum</strong></span> <span class='ocrx_word' id='word_1_186' title='bbox 811 2703 952 2755; x_wconf 81' lang='lat' dir='ltr'><strong>dilue,</strong></span> 
     </span>
     <span class='ocr_line' id='line_1_47' title="bbox 346 2762 973 2820; baseline -0.008 -9"><span class='ocrx_word' id='word_1_187' title='bbox 346 2767 527 2811; x_wconf 88' lang='lat' dir='ltr'><strong>Arcens</strong></span> <span class='ocrx_word' id='word_1_188' title='bbox 547 2764 659 2809; x_wconf 90' lang='lat' dir='ltr'><strong>mali</strong></span> <span class='ocrx_word' id='word_1_189' title='bbox 680 2762 973 2820; x_wconf 67' lang='lat' dir='ltr'><strong>contagium,</strong></span> 
     </span>
     <span class='ocr_line' id='line_1_48' title="bbox 345 2821 982 2879; baseline -0.003 -11"><span class='ocrx_word' id='word_1_190' title='bbox 345 2822 486 2868; x_wconf 88' lang='lat' dir='ltr'><strong>Vitae</strong></span> <span class='ocrx_word' id='word_1_191' title='bbox 506 2821 735 2879; x_wconf 77' lang='lat' dir='ltr'><strong>repellens</strong></span> <span class='ocrx_word' id='word_1_192' title='bbox 757 2821 982 2867; x_wconf 86' lang='lat' dir='ltr'><strong>taedium.</strong></span> 
     </span>
    </p>
   </div>
   <div class='ocr_carea' id='block_1_17' title="bbox 352 2879 1024 2940">
    <p class='ocr_par' dir='ltr' id='par_1_20' title="bbox 352 2879 1024 2940">
     <span class='ocr_line' id='line_1_49' title="bbox 352 2879 1024 2940; baseline 0.001 -15"><span class='ocrx_word' id='word_1_193' title='bbox 352 2927 356 2932; x_wconf 74' lang='grc'>,</span> <span class='ocrx_word' id='word_1_194' title='bbox 399 2880 572 2930; x_wconf 74' lang='lat' dir='ltr'><strong>solnta</strong></span> <span class='ocrx_word' id='word_1_195' title='bbox 590 2887 702 2926; x_wconf 88' lang='lat' dir='ltr'><strong>sunt</strong></span> <span class='ocrx_word' id='word_1_196' title='bbox 718 2881 820 2940; x_wconf 86' lang='lat' dir='ltr'><strong>jam</strong></span> <span class='ocrx_word' id='word_1_197' title='bbox 837 2879 1024 2927; x_wconf 82' lang='lat' dir='ltr'><strong>vincula</strong></span> 
     </span>
    </p>
   </div>
   <div class='ocr_carea' id='block_1_18' title="bbox 1056 1610 1589 1675">
    <p class='ocr_par' dir='ltr' id='par_1_21' title="bbox 1056 1610 1589 1675">
     <span class='ocr_line' id='line_1_50' title="bbox 1056 1610 1589 1675; baseline -0.008 -12"><span class='ocrx_word' id='word_1_198' title='bbox 1056 1610 1066 1618; x_wconf 77' lang='grc'><strong><em>’</em></strong></span> <span class='ocrx_word' id='word_1_199' title='bbox 1114 1617 1334 1675; x_wconf 73' lang='lat' dir='ltr'><strong>prdpriae</strong></span> <span class='ocrx_word' id='word_1_200' title='bbox 1383 1615 1589 1662; x_wconf 69' lang='lat' dir='ltr'><strong>adtidnis</strong></span> 
     </span>
    </p>
   </div>
   <div class='ocr_carea' id='block_1_19' title="bbox 1112 1032 1823 1262">
    <p class='ocr_par' dir='ltr' id='par_1_22' title="bbox 1112 1032 1823 1262">
     <span class='ocr_line' id='line_1_51' title="bbox 1169 1032 1821 1090; baseline -0.006 -8"><span class='ocrx_word' id='word_1_201' title='bbox 1169 1037 1249 1082; x_wconf 87' lang='lat' dir='ltr'><strong>Ad</strong></span> <span class='ocrx_word' id='word_1_202' title='bbox 1265 1033 1565 1090; x_wconf 56' lang='lat' dir='ltr'><strong>Benedietus,</strong></span> <span class='ocrx_word' id='word_1_203' title='bbox 1584 1035 1704 1081; x_wconf 71' lang='lat' dir='ltr'><strong>Ana„</strong></span> <span class='ocrx_word' id='word_1_204' title='bbox 1720 1032 1821 1088; x_wconf 84' lang='lat' dir='ltr'><strong>Qui</strong></span> 
     </span>
     <span class='ocr_line' id='line_1_52' title="bbox 1112 1093 1822 1142; baseline -0.007 0"><span class='ocrx_word' id='word_1_205' title='bbox 1112 1096 1216 1142; x_wconf 82' lang='lat' dir='ltr'><strong>odit</strong></span> <span class='ocrx_word' id='word_1_206' title='bbox 1234 1096 1263 1122; x_wconf 44' lang='grc' dir='ltr'><strong>ὕ</strong></span> <span class='ocrx_word' id='word_1_207' title='bbox 1275 1093 1487 1141; x_wconf 60' lang='lat' dir='ltr'><strong>Animam</strong></span> <span class='ocrx_word' id='word_1_208' title='bbox 1509 1108 1646 1140; x_wconf 88' lang='lat' dir='ltr'><strong>suam</strong></span> <span class='ocrx_word' id='word_1_209' title='bbox 1662 1093 1711 1138; x_wconf 89' lang='lat' dir='ltr'><strong>in</strong></span> <span class='ocrx_word' id='word_1_210' title='bbox 1725 1093 1822 1138; x_wconf 88' lang='lat' dir='ltr'><strong>hoc</strong></span> 
     </span>
     <span class='ocr_line' id='line_1_53' title="bbox 1114 1153 1823 1207; baseline -0.003 -7"><span class='ocrx_word' id='word_1_211' title='bbox 1114 1155 1311 1207; x_wconf 88' lang='lat' dir='ltr'><strong>mundo,</strong></span> <span class='ocrx_word' id='word_1_212' title='bbox 1338 1154 1386 1199; x_wconf 90' lang='lat' dir='ltr'><strong>in</strong></span> <span class='ocrx_word' id='word_1_213' title='bbox 1407 1155 1556 1200; x_wconf 87' lang='lat' dir='ltr'><strong>vitam</strong></span> <span class='ocrx_word' id='word_1_214' title='bbox 1576 1153 1823 1201; x_wconf 76' lang='lat' dir='ltr'><strong>aeternam</strong></span> 
     </span>
     <span class='ocr_line' id='line_1_54' title="bbox 1115 1214 1467 1262; baseline 0.003 -1"><span class='ocrx_word' id='word_1_215' title='bbox 1115 1214 1325 1261; x_wconf 74' lang='lat' dir='ltr'><strong>custddit</strong></span> <span class='ocrx_word' id='word_1_216' title='bbox 1345 1227 1467 1262; x_wconf 83' lang='lat' dir='ltr'><strong>eam.</strong></span> 
     </span>
    </p>
   </div>
   <div class='ocr_carea' id='block_1_20' title="bbox 1215 1299 1726 1408">
    <p class='ocr_par' dir='ltr' id='par_1_23' title="bbox 1215 1299 1726 1408">
     <span class='ocr_line' id='line_1_55' title="bbox 1215 1299 1726 1354; baseline 0.002 -8"><span class='ocrx_word' id='word_1_217' title='bbox 1215 1301 1308 1347; x_wconf 89' lang='lat' dir='ltr'><strong>Pro</strong></span> <span class='ocrx_word' id='word_1_218' title='bbox 1328 1300 1472 1345; x_wconf 86' lang='lat' dir='ltr'><strong>Mart.</strong></span> <span class='ocrx_word' id='word_1_219' title='bbox 1502 1306 1552 1346; x_wconf 89' lang='lat' dir='ltr'><strong>et</strong></span> <span class='ocrx_word' id='word_1_220' title='bbox 1575 1299 1726 1354; x_wconf 66' lang='lat' dir='ltr'><strong>Pont„</strong></span> 
     </span>
     <span class='ocr_line' id='line_1_56' title="bbox 1373 1360 1560 1408; baseline 0 0"><span class='ocrx_word' id='word_1_221' title='bbox 1373 1360 1560 1408; x_wconf 76' lang='lat' dir='ltr'><strong>Oratio,</strong></span> 
     </span>
    </p>
   </div>
   <div class='ocr_carea' id='block_1_21' title="bbox 1110 1435 1827 2470">
    <p class='ocr_par' dir='ltr' id='par_1_24' title="bbox 1110 1435 1827 2470">
     <span class='ocr_line' id='line_1_57' title="bbox 1218 1435 1823 1484; baseline -0.003 0"><span class='ocrx_word' id='word_1_222' title='bbox 1218 1435 1709 1484; x_wconf 90' lang='lat' dir='ltr'><strong>NFIRMITATEM</strong></span> <span class='ocrx_word' id='word_1_223' title='bbox 1736 1449 1823 1482; x_wconf 87' lang='lat' dir='ltr'><strong>no-</strong></span> 
     </span>
     <span class='ocr_line' id='line_1_58' title="bbox 1232 1495 1824 1556; baseline -0.002 -13"><span class='ocrx_word' id='word_1_224' title='bbox 1232 1506 1380 1544; x_wconf 85' lang='lat' dir='ltr'><strong>stram</strong></span> <span class='ocrx_word' id='word_1_225' title='bbox 1396 1497 1592 1556; x_wconf 76' lang='lat' dir='ltr'><strong>respice,</strong></span> <span class='ocrx_word' id='word_1_226' title='bbox 1607 1495 1824 1554; x_wconf 80' lang='lat' dir='ltr'><strong>omnipo-</strong></span> 
     </span>
     <span class='ocr_line' id='line_1_59' title="bbox 1114 1555 1824 1615; baseline -0.006 -13"><span class='ocrx_word' id='word_1_227' title='bbox 1114 1563 1218 1603; x_wconf 87' lang='lat' dir='ltr'><strong>tens</strong></span> <span class='ocrx_word' id='word_1_228' title='bbox 1240 1557 1373 1603; x_wconf 89' lang='lat' dir='ltr'><strong>Deus</strong></span> <span class='ocrx_word' id='word_1_229' title='bbox 1395 1571 1406 1603; x_wconf 77' lang='lat' dir='ltr'><strong>t</strong></span> <span class='ocrx_word' id='word_1_230' title='bbox 1429 1564 1478 1602; x_wconf 88' lang='lat' dir='ltr'><strong>et</strong></span> <span class='ocrx_word' id='word_1_231' title='bbox 1498 1557 1615 1615; x_wconf 83' lang='lat' dir='ltr'><strong>quia</strong></span> <span class='ocrx_word' id='word_1_232' title='bbox 1634 1555 1824 1615; x_wconf 88' lang='lat' dir='ltr'><strong>pondus</strong></span> 
     </span>
     <span class='ocr_line' id='line_1_60' title="bbox 1638 1620 1816 1673; baseline -0.011 -13"><span class='ocrx_word' id='word_1_233' title='bbox 1638 1620 1816 1673; x_wconf 79' lang='lat' dir='ltr'><strong>gravat,</strong></span> 
     </span>
     <span class='ocr_line' id='line_1_61' title="bbox 1110 1674 1823 1735; baseline -0.006 -13"><span class='ocrx_word' id='word_1_234' title='bbox 1110 1675 1239 1722; x_wconf 73' lang='lat' dir='ltr'><strong>beati</strong></span> <span class='ocrx_word' id='word_1_235' title='bbox 1274 1675 1338 1723; x_wconf 91' lang='lat' dir='ltr'><strong>N.</strong></span> <span class='ocrx_word' id='word_1_236' title='bbox 1373 1675 1603 1735; x_wconf 71' lang='lat' dir='ltr'><strong>Mattyris</strong></span> <span class='ocrx_word' id='word_1_237' title='bbox 1643 1674 1712 1720; x_wconf 90' lang='lat' dir='ltr'><strong>tui</strong></span> <span class='ocrx_word' id='word_1_238' title='bbox 1750 1678 1823 1719; x_wconf 87' lang='lat' dir='ltr'><strong>at-</strong></span> 
     </span>
     <span class='ocr_line' id='line_1_62' title="bbox 1112 1732 1821 1794; baseline -0.006 -13"><span class='ocrx_word' id='word_1_239' title='bbox 1112 1749 1206 1794; x_wconf 90' lang='lat' dir='ltr'><strong>que</strong></span> <span class='ocrx_word' id='word_1_240' title='bbox 1252 1735 1494 1782; x_wconf 85' lang='lat' dir='ltr'><strong>Pontificis</strong></span> <span class='ocrx_word' id='word_1_241' title='bbox 1550 1732 1821 1779; x_wconf 50' lang='lat' dir='ltr'><strong>intercessio</strong></span> 
     </span>
     <span class='ocr_line' id='line_1_63' title="bbox 1111 1791 1823 1853; baseline -0.004 -13"><span class='ocrx_word' id='word_1_242' title='bbox 1111 1794 1320 1853; x_wconf 72' lang='lat' dir='ltr'><strong>gloridsa</strong></span> <span class='ocrx_word' id='word_1_243' title='bbox 1341 1808 1430 1841; x_wconf 90' lang='lat' dir='ltr'><strong>nos</strong></span> <span class='ocrx_word' id='word_1_244' title='bbox 1459 1793 1696 1853; x_wconf 63' lang='lat' dir='ltr'><strong>pretegat.</strong></span> <span class='ocrx_word' id='word_1_245' title='bbox 1734 1791 1823 1838; x_wconf 85' lang='lat' dir='ltr'><strong>Per</strong></span> 
     </span>
     <span class='ocr_line' id='line_1_64' title="bbox 1113 1854 1475 1914; baseline 0.003 -13"><span class='ocrx_word' id='word_1_246' title='bbox 1113 1854 1391 1902; x_wconf 72' lang='lat' dir='ltr'><strong>deinum.</strong></span> <span class='ocrx_word' id='word_1_247' title='bbox 1470 1911 1475 1914; x_wconf 26' lang='lat'>¹</span> 
     </span>
     <span class='ocr_line' id='line_1_65' title="bbox 1309 1929 1626 1979; baseline 0.003 -2"><span class='ocrx_word' id='word_1_248' title='bbox 1309 1931 1421 1978; x_wconf 86' lang='lat' dir='ltr'><strong>Alia</strong></span> <span class='ocrx_word' id='word_1_249' title='bbox 1441 1929 1626 1979; x_wconf 85' lang='lat' dir='ltr'><strong>Oratio.</strong></span> 
     </span>
     <span class='ocr_line' id='line_1_66' title="bbox 1269 2003 1820 2112; baseline -0.002 -60"><span class='ocrx_word' id='word_1_250' title='bbox 1269 2006 1415 2060; x_wconf 83' lang='lat' dir='ltr'><strong>EUS.</strong></span> <span class='ocrx_word' id='word_1_251' title='bbox 1451 2019 1534 2112; x_wconf 44' lang='lat'><strong>2¹3¹</strong></span> <span class='ocrx_word' id='word_1_252' title='bbox 1569 2019 1660 2052; x_wconf 86' lang='lat' dir='ltr'><strong>nos</strong></span> <span class='ocrx_word' id='word_1_253' title='bbox 1693 2003 1820 2052; x_wconf 60' lang='lat' dir='ltr'><strong>beati</strong></span> 
     </span>
     <span class='ocr_line' id='line_1_67' title="bbox 1300 2066 1824 2115; baseline -0.01 0"><span class='ocrx_word' id='word_1_254' title='bbox 1300 2069 1362 2115; x_wconf 92' lang='lat' dir='ltr'><strong>N.</strong></span> <span class='ocrx_word' id='word_1_255' title='bbox 1397 2066 1450 2111; x_wconf 87' lang='lat' dir='ltr'>M</span> <span class='ocrx_word' id='word_1_256' title='bbox 1586 2066 1624 2112; x_wconf 84' lang='lat' dir='ltr'><strong>‘s</strong></span> <span class='ocrx_word' id='word_1_257' title='bbox 1655 2066 1722 2112; x_wconf 90' lang='lat' dir='ltr'><strong>tui</strong></span> <span class='ocrx_word' id='word_1_258' title='bbox 1751 2072 1824 2110; x_wconf 84' lang='lat' dir='ltr'><strong>at-</strong></span> 
     </span>
     <span class='ocr_line' id='line_1_68' title="bbox 1118 2124 1825 2185; baseline -0.004 -13"><span class='ocrx_word' id='word_1_259' title='bbox 1118 2139 1212 2185; x_wconf 87' lang='lat' dir='ltr'><strong>que</strong></span> <span class='ocrx_word' id='word_1_260' title='bbox 1241 2125 1483 2175; x_wconf 83' lang='lat' dir='ltr'><strong>Pontificis</strong></span> <span class='ocrx_word' id='word_1_261' title='bbox 1612 2139 1677 2171; x_wconf 87' lang='lat' dir='ltr'><strong>ua</strong></span> <span class='ocrx_word' id='word_1_262' title='bbox 1704 2124 1825 2171; x_wconf 85' lang='lat' dir='ltr'><strong>sole-</strong></span> 
     </span>
     <span class='ocr_line' id='line_1_69' title="bbox 1118 2182 1825 2254; baseline -0.003 -23"><span class='ocrx_word' id='word_1_263' title='bbox 1118 2184 1317 2254; x_wconf 75' lang='lat' dir='ltr'><strong>mnitate</strong></span> <span class='ocrx_word' id='word_1_264' title='bbox 1338 2184 1566 2230; x_wconf 83' lang='lat' dir='ltr'><strong>laetificas</strong></span> <span class='ocrx_word' id='word_1_265' title='bbox 1588 2198 1598 2230; x_wconf 79' lang='lat' dir='ltr'><strong><em>z</em></strong></span> <span class='ocrx_word' id='word_1_266' title='bbox 1617 2182 1825 2229; x_wconf 68' lang='lat' dir='ltr'><strong>concede</strong></span> 
     </span>
     <span class='ocr_line' id='line_1_70' title="bbox 1118 2245 1826 2373; baseline -0.004 -24"><span class='ocrx_word' id='word_1_267' title='bbox 1118 2245 1485 2373; x_wconf 55' lang='grc' dir='ltr'><strong>ῧξῗέᾞὲῧώἐέξ</strong></span> <span class='ocrx_word' id='word_1_268' title='bbox 1515 2249 1826 2360; x_wconf 49' lang='lat' dir='ltr'><strong>3³13&amp;ss</strong></span> 
     </span>
     <span class='ocr_line' id='line_1_71' title="bbox 1119 2359 1827 2421; baseline -0.006 -12"><span class='ocrx_word' id='word_1_269' title='bbox 1119 2363 1263 2412; x_wconf 75' lang='lat' dir='ltr'><strong>etiam</strong></span> <span class='ocrx_word' id='word_1_270' title='bbox 1284 2360 1584 2421; x_wconf 64' lang='lat' dir='ltr'><strong>protedhdne</strong></span> <span class='ocrx_word' id='word_1_271' title='bbox 1616 2359 1827 2418; x_wconf 63' lang='lat' dir='ltr'><strong>gaudea-</strong></span> 
     </span>
     <span class='ocr_line' id='line_1_72' title="bbox 1118 2419 1759 2470; baseline 0 -3"><span class='ocrx_word' id='word_1_272' title='bbox 1118 2436 1237 2468; x_wconf 91' lang='lat' dir='ltr'><strong>mus.</strong></span> <span class='ocrx_word' id='word_1_273' title='bbox 1282 2422 1372 2467; x_wconf 89' lang='lat' dir='ltr'><strong>Per</strong></span> <span class='ocrx_word' id='word_1_274' title='bbox 1392 2419 1671 2470; x_wconf 65' lang='lat' dir='ltr'><strong>deinum.</strong></span> <span class='ocrx_word' id='word_1_275' title='bbox 1754 2446 1759 2450; x_wconf 84' lang='lat'><strong>·</strong></span> 
     </span>
    </p>
   </div>
   <div class='ocr_carea' id='block_1_22' title="bbox 1208 2526 1761 2634">
    <p class='ocr_par' dir='ltr' id='par_1_25' title="bbox 1208 2526 1761 2634">
     <span class='ocr_line' id='line_1_73' title="bbox 1208 2526 1761 2584; baseline -0.002 -11"><span class='ocrx_word' id='word_1_276' title='bbox 1208 2527 1300 2573; x_wconf 89' lang='lat' dir='ltr'><strong>Pro</strong></span> <span class='ocrx_word' id='word_1_277' title='bbox 1322 2526 1537 2584; x_wconf 80' lang='lat' dir='ltr'><strong>Martyre</strong></span> <span class='ocrx_word' id='word_1_278' title='bbox 1559 2532 1761 2578; x_wconf 81' lang='lat' dir='ltr'><strong>tantum.</strong></span> 
     </span>
     <span class='ocr_line' id='line_1_74' title="bbox 1381 2586 1562 2634; baseline -0.017 0"><span class='ocrx_word' id='word_1_279' title='bbox 1381 2586 1562 2634; x_wconf 85' lang='lat' dir='ltr'><strong>Oratio.</strong></span> 
     </span>
    </p>
   </div>
   <div class='ocr_carea' id='block_1_23' title="bbox 1124 2638 1824 2765">
    <p class='ocr_par' dir='ltr' id='par_1_26' title="bbox 1124 2638 1824 2765">
     <span class='ocr_line' id='line_1_75' title="bbox 1264 2638 1824 2698; baseline -0.005 -11"><span class='ocrx_word' id='word_1_280' title='bbox 1264 2641 1306 2687; x_wconf 88' lang='lat' dir='ltr'>R</span> <span class='ocrx_word' id='word_1_281' title='bbox 1318 2638 1565 2687; x_wconf 86' lang='lat' dir='ltr'><strong>AESTA</strong></span> <span class='ocrx_word' id='word_1_282' title='bbox 1623 2649 1824 2698; x_wconf 85' lang='lat' dir='ltr'><strong>quaesu-</strong></span> 
     </span>
     <span class='ocr_line' id='line_1_76' title="bbox 1124 2643 1824 2765; baseline -0.009 -16"><span class='ocrx_word' id='word_1_283' title='bbox 1124 2643 1256 2765; x_wconf 70' lang='grc' dir='ltr'><em>ᾨ</em></span> <span class='ocrx_word' id='word_1_284' title='bbox 1277 2715 1385 2747; x_wconf 90' lang='lat' dir='ltr'><strong>mus</strong></span> <span class='ocrx_word' id='word_1_285' title='bbox 1406 2700 1709 2758; x_wconf 85' lang='lat' dir='ltr'><strong>omnipotens</strong></span> <span class='ocrx_word' id='word_1_286' title='bbox 1729 2698 1824 2743; x_wconf 87' lang='lat' dir='ltr'><strong>De-</strong></span> 
     </span>
    </p>
   </div>
   <div class='ocr_carea' id='block_1_24' title="bbox 1119 2757 1823 2940">
    <p class='ocr_par' dir='ltr' id='par_1_27' title="bbox 1119 2757 1823 2940">
     <span class='ocr_line' id='line_1_77' title="bbox 1119 2757 1823 2819; baseline -0.006 -13"><span class='ocrx_word' id='word_1_287' title='bbox 1119 2774 1177 2806; x_wconf 91' lang='lat' dir='ltr'><strong>us</strong></span> <span class='ocrx_word' id='word_1_288' title='bbox 1191 2774 1201 2806; x_wconf 89' lang='lat'>:</span> <span class='ocrx_word' id='word_1_289' title='bbox 1215 2768 1267 2807; x_wconf 92' lang='lat' dir='ltr'><strong>ut</strong></span> <span class='ocrx_word' id='word_1_290' title='bbox 1284 2760 1366 2819; x_wconf 88' lang='lat' dir='ltr'><strong>qui</strong></span> <span class='ocrx_word' id='word_1_291' title='bbox 1382 2759 1508 2805; x_wconf 71' lang='lat' dir='ltr'><strong>beati</strong></span> <span class='ocrx_word' id='word_1_292' title='bbox 1520 2763 1582 2809; x_wconf 84' lang='lat' dir='ltr'><strong>N.</strong></span> <span class='ocrx_word' id='word_1_293' title='bbox 1598 2757 1823 2816; x_wconf 73' lang='lat' dir='ltr'><strong>Mai-tyris</strong></span> 
     </span>
     <span class='ocr_line' id='line_1_78' title="bbox 1123 2817 1821 2871; baseline -0.007 -5"><span class='ocrx_word' id='word_1_294' title='bbox 1123 2820 1192 2866; x_wconf 89' lang='lat' dir='ltr'><strong>tui</strong></span> <span class='ocrx_word' id='word_1_295' title='bbox 1213 2819 1425 2866; x_wconf 84' lang='lat' dir='ltr'><strong>natalitia</strong></span> <span class='ocrx_word' id='word_1_296' title='bbox 1444 2818 1658 2871; x_wconf 70' lang='lat' dir='ltr'><strong>cdlimus,</strong></span> <span class='ocrx_word' id='word_1_297' title='bbox 1684 2817 1821 2862; x_wconf 87' lang='lat' dir='ltr'><strong>inter·</strong></span> 
     </span>
     <span class='ocr_line' id='line_1_79' title="bbox 1121 2874 1822 2940; baseline -0.009 -12"><span class='ocrx_word' id='word_1_298' title='bbox 1121 2878 1333 2927; x_wconf 70' lang='lat' dir='ltr'><strong>cessidne</strong></span> <span class='ocrx_word' id='word_1_299' title='bbox 1347 2878 1451 2940; x_wconf 88' lang='lat' dir='ltr'><strong>ejus</strong></span> <span class='ocrx_word' id='word_1_300' title='bbox 1470 2878 1520 2923; x_wconf 90' lang='lat' dir='ltr'><strong>in</strong></span> <span class='ocrx_word' id='word_1_301' title='bbox 1535 2877 1603 2923; x_wconf 82' lang='lat' dir='ltr'><strong>tui</strong></span> <span class='ocrx_word' id='word_1_302' title='bbox 1618 2874 1822 2924; x_wconf 66' lang='lat' dir='ltr'><strong>adminis</strong></span> 
     </span>
    </p>
   </div>
  </div>
 </body>
</html>
