2050 3392
197 193 1783 235 m———ffl——7

623 258 923 316 Comm'u‘ne
945 261 1361 332 Apostolorum.

297 385 448 447 Juxta
460 394 530 431 est
546 386 706 430 Βῆιι5
695 386 764 437 ιί5,
779 385 860 442 qui
875 385 953 430 tri-

245 445 412 491 bulato
432 453 542 491 sunt
564 446 739 490 corde.
759 444 849 490 et
866 443 953 489 hu·

246 505 380 550 miles
401 504 568 562 spiritu
583 505 794 550 salvabit.

307 565 492 609 Multae
522 565 849 611 tribulationes
875 565 949 621 ju-

244 623 444 669 storum:
462 622 488 646 '¹‘
501 631 548 668 et
564 626 626 669 de
640 623 863 669 omnibus
876 624 950 668 his

244 682 462 728 liberabit
480 697 564 728 eos
588 683 835 728 Dominus.

304 742 528 788 Custodit
549 743 683 787 Diius
698 742 863 787 omnia
877 755 952 786 os·

242 815 298 846 sa
333 801 536 847 eorum:
561 800 588 825 ⁴*
619 815 769 846 unum
788 815 847 845 ex
879 801 951 845 his

242 874 339 906 non
369 861 648 907 conteretur.

303 921 438 965 Mors
470 919 773 977 peccatorum
806 919 951 977 pessi-

242 993 340 1025 ma:
352 978 379 1003 ³*
393 988 441 1024 et
457 980 539 1036 qui
470 934 759 1025 pecoderunt
768 980 949 1038 justum

241 1039 530 1095 delinquent.

304 1098 529 1142 Redimet
583 1097 717 1143 Diius
767 1097 949 1143 Animas

239 1155 486 1202 servorum
501 1157 695 1203 suorum
718 1172 728 1202 ε
746 1156 773 1181 ⁴*
788 1165 837 1202 et
852 1171 949 1202 non

240 1215 521 1272 delinquent
549 1230 713 1261 omnes
735 1217 815 1274 qui
845 1230 951 1274 spe-

239 1283 348 1320 rant
370 1276 419 1320 in
440 1289 510 1320 eo.

289 1324 411 1369 Αῆἃ·
454 1334 787 1380 Clamaverunt
814 1335 943 1393 justi,

239 1402 286 1440 et
310 1392 546 1440 Dominus
567 1395 805 1440 exaudivit
825 1409 920 1440 eos,

290 1442 419 1523 4ΠὶΞῖ
437 1453 708 1499 Constitues
724 1468 806 1499 eos
824 1454 949 1511 prin-

241 1499 419 1570 cipes
461 1526 605 1570 super
634 1527 826 1558 ornnem
859 1521 949 1559 ter-

239 1585 375 1617 ram:
394 1571 628 1618 memores
643 1581 780 1618 erunt
797 1572 949 1619 nomi-

241 1632 313 1676 nis
335 1632 417 1685 tui,
447 1632 666 1679 Domine.

415 1714 629 1762 Psalmus
651 1715 756 1760 xliv·

398 1811 442 1855 R
455 1811 501 1856 U
515 1811 555 1855 C
565 1812 662 1856 TA
670 1811 714 1855 V
726 1812 745 1855 1
758 1812 802 1855 Τ
867 1824 949 1856 cor

418 1884 579 1915 meum
624 1871 819 1915 verbum
864 1871 947 1914 bo-

241 1942 375 2032 tlizum:
366 1928 414 1953 ⁴*
428 1930 537 1974 dico
557 1943 649 1987 ego
670 1930 818 1997 opera
838 1942 947 1973 mea

288 2001 377 2045 egl·

303 2047 492 2104 Lingua
500 2061 608 2093 mea
615 2047 826 2093 &lamus
835 2048 944 2093 scri·

238 2106 379 2159 baed*
396 2107 618 2153 velociter
637 2108 893 2154 scribentis.

298 2166 551 2223 Speciosus
573 2167 726 2212 forma
747 2181 861 2223 prae
892 2166 945 2211 fi-

238 2226 312 2270 liis
355 2226 616 2278 hominum,
658 2226 833 2271 diffusa
872 2234 943 2271 est

237 2284 394 2342 gratia
414 2286 462 2329 in
483 2284 620 2330 labiis
643 2287 733 2330 tuis
755 2300 766 2330 :
790 2285 817 2310 ⁴*
838 2299 945 2343 pro-

237 2343 404 2402 pterea
425 2345 665 2390 benedixit
684 2353 729 2390 te
744 2345 875 2391 Deus
896 2346 944 2389 in

236 2403 497 2449 aeternum.

297 2463 559 2521 Accingere
578 2464 741 2521 gladio
764 2472 849 2509 tuo
869 2477 947 2509 su·

236 2536 323 2580 per
344 2522 497 2567 femur
517 2522 702 2576 tuum‚*
719 2523 948 2581 potentis-

236 2595 370 2635 sime,

296 2641 467 2698 Specie
499 2649 582 2687 tua
612 2649 660 2687 et
691 2641 949 2698 pulchritu-

236 2702 350 2746 dine
366 2700 485 2746 tua*
502 2702 708 2753 intende,
725 2701 949 2759 prospere

237 2760 458 2819 procede,
485 2769 532 2805 et
555 2774 714 2818 regna,

300 2821 502 2877 Propter
560 2819 807 2865 veritatem
826 2853 836 2871 ,
903 2827 949 2864 et

236 2878 673 2932 mansuetudinem,
720 2886 769 2923 et
815 2878 951 2937 justi·

1622 298 1625 303 -
1641 264 1729 317 vii.

1023 386 1167 431 tiam:
1185 386 1213 409 ⁴*
1228 393 1277 431 et
1297 385 1503 432 deducet
1526 393 1572 432 te
1591 387 1732 432 mira-

1021 445 1177 490 biliter
1196 445 1391 491 dextera
1412 453 1506 491 tua.

1082 505 1297 562 Sagittae
1312 514 1424 550 tuae
1439 504 1623 558 acutae,
1644 506 1730 563 por

1022 564 1121 621 puli
1137 565 1227 610 sub
1248 572 1295 610 te
1311 567 1499 618 cadent,
1522 564 1549 589 ⁴*
1565 566 1614 610 in
1629 579 1732 610 cor-

1022 625 1087 668 da
1106 624 1402 670 inimicorum
1425 625 1558 682 regis.

1082 683 1230 729 Sedes
1252 692 1347 736 tua,
1378 685 1522 737 Deus,
1549 685 1596 728 in
1627 698 1729 730 sae-

1023 743 1183 786 culum
1205 744 1397 788 saeculi:
1417 743 1443 767 ἦ
1460 744 1591 801 virga
1609 745 1730 789 dire-

1022 801 1195 846 ctionis
1216 803 1346 859 virga
1367 803 1498 859 regni
1521 804 1602 849 tui.

1085 861 1298 906 Dilexisti
1306 862 1551 918 justitiam,
1566 871 1614 907 et
1627 861 1729 907 odi-

1022 920 1082 965 sti
1105 919 1403 977 iniquitatem
1418 935 1429 966 z
1442 919 1468 944 *
1477 921 1730 979 propterea

1021 980 1157 1024 unxit
1189 987 1237 1024 te
1269 980 1413 1031 Deus,
1452 980 1582 1025 Deus
1618 988 1728 1026 tuus

1021 1038 1131 1084 oleo
1148 1039 1352 1084 laetitiae
1372 1052 1486 1096 prae
1501 1039 1729 1085 consorti

1020 1099 1111 1143 bus
1134 1099 1239 1143 tuis.

1083 1158 1293 1215 Myrrha,
1308 1165 1356 1203 et
1371 1165 1523 1215 gutta,
1538 1166 1587 1204 et
1603 1157 1729 1203 cosia

1019 1230 1052 1261 a
1072 1217 1361 1262 vestimentis
1393 1218 1499 1269 tuis,
1525 1231 1556 1262 a
1576 1217 1728 1263 domi·

1020 1277 1111 1321 bus
1142 1276 1397 1322 eburneis:
1420 1275 1448 1300 ⁴*
1468 1290 1526 1321 ex
1556 1277 1728 1334 quibus

1016 1335 1372 1381 delcetaverunt
1414 1344 1461 1381 te
1500 1336 1626 1381 filiae
1661 1349 1730 1380 re-

1019 1409 1136 1452 gum
1158 1396 1206 1439 in
1226 1395 1408 1441 honore
1428 1404 1524 1440 tuo.

1080 1454 1245 1500 Astitit
1284 1454 1448 1511 regina
1487 1469 1519 1499 a
1552 1454 1730 1499 dextris

1022 1513 1116 1558 tuis
1146 1514 1194 1557 in
1227 1514 1396 1559 vestitu
1418 1513 1677 1558 deaurato:

1020 1573 1314 1618 circumdata
1330 1571 1567 1618 varietate.

1080 1632 1208 1675 Audi
1240 1632 1350 1683 filia,
1377 1638 1424 1676 et
1445 1631 1565 1683 vide,
1592 1638 1640 1675 et
1661 1631 1730 1674 in-

1020 1690 1146 1737 clina
1160 1704 1323 1735 aurem
1343 1699 1499 1735 tuam:
1512 1688 1595 1735 *et
1611 1690 1730 1735 obli-

1021 1751 1196 1795 viscere
1227 1750 1458 1807 populum
1498 1757 1646 1802 tuum,
1682 1757 1730 1795 et

1022 1811 1223 1855 domum
1244 1810 1389 1867 patris
1405 1809 1486 1854 tui.

1084 1869 1146 1913 Et
1160 1867 1463 1925 concupiscet
1475 1868 1577 1913 Rex
1591 1867 1732 1914 deco-

1022 1942 1121 1973 rem
1144 1936 1311 1973 tuum:
1333 1926 1641 1985 *quoniam
1629 1941 1731 1985 ipse

1021 1995 1094 2033 est
1114 1988 1348 2033 Dominus
1373 1988 1501 2033 Deus
1525 1995 1647 2040 tuus»,
1652 1995 1729 2048 et

1021 2047 1293 2093 adorabunt
1315 2061 1438 2092 eum.

1084 2107 1146 2152 Et
1168 2107 1292 2151 filiae
1313 2108 1463 2165 Tyri
1451 2121 1499 2151 ιη
1526 2106 1730 2152 muneri-

1023 2167 1112 2212 bus
1134 2166 1161 2191 *
1182 2168 1365 2212 vultum
1400 2175 1532 2212 tuum
1565 2168 1730 2222 depre-

1022 2226 1259 2271 oebt'intur
1295 2241 1306 2272 :
1344 2240 1510 2271 omnes
1561 2225 1730 2270 divites

1024 2286 1187 2342 plebis.

1081 2345 1252 2391 Omnis
1293 2345 1450 2427 gloria
1473 2344 1575 2401 ejus
1606 2342 1731 2386 filiae

1027 2405 1169 2461 Regis
1189 2406 1254 2449 ab
1275 2402 1450 2455 intusst*
1464 2404 1512 2447 in
1533 2401 1731 2445 fimbriis

1021 2463 1177 2508 aureis
1209 2461 1566 2508 circumamicta
1587 2460 1732 2504 varie-

1022 2522 1212 2567 tatibus.

1081 2580 1394 2626 Adducentur
1436 2579 1555 2637 Regi
1594 2543 1733 2635 virgi-

1021 2653 1106 2685 nes
1137 2649 1246 2698 post
1277 2654 1413 2684 eam:
1437 2638 1732 2697 *proximae

1021 2700 1124 2758 ejus
1140 2699 1394 2744 afferentur
1413 2653 1519 2743 tibip.

1081 2758 1351 2803 Afferentur
1390 2758 1440 2802 in
1474 2756 1652 2802 laetitia
1681 2764 1729 2803 et

1022 2818 1352 2863 exultatione.
1376 2816 1403 2841 ⁴*
1433 2815 1732 2864 adducentur

1021 2877 1073 2922 in
1093 2878 1324 2935 templum
1349 2876 1505 2935 Regis·
