2050 3392
542 230 629 285 De
651 230 826 286 Anno
851 235 907 284 et
925 231 1049 300 ejus
1060 231 1342 302 partibus.
1615 231 1685 285 ix.

197 366 385 424 ostendet
404 364 449 407 in
472 366 735 409 Kalendario
754 380 781 407 a
796 366 909 418 prin·
937 369 941 395 Ι
970 366 1177 408 miniatis
1195 369 1238 416 d,
1258 381 1481 418 annusque
1500 380 1688 408 commu-

195 416 300 468 cipio
330 417 434 458 anni
472 431 607 469 usque
641 419 699 459 ad
733 419 907 459 Festum
937 452 941 467 ,
968 418 1036 459 nis
1054 430 1245 467 ancum
1263 418 1405 459 littera
1419 417 1596 469 simplex
1616 430 1687 459 oc·

195 467 234 508 S,
259 468 455 510 Mathiae
484 468 710 520 Apostoli:
738 468 911 510 inferior
937 496 941 505 ·
969 480 1122 511 currat.
1153 470 1319 510 Rursus
1346 468 1400 509 sit
1429 468 1686 520 investigan-

193 529 346 568 autem,
366 520 423 560 ab
444 519 529 561 hoc
549 520 676 562 Festo
697 534 833 571 usque
852 521 907 561 ad
937 544 941 553 ·
969 522 1025 562 da
1070 520 1212 562 littera
1249 519 1529 561 Dominicalis
1572 532 1686 560 anno

191 568 312 611 finem
330 570 446 612 anni.
937 574 941 607 ἓ
972 574 1085 618 1616;
1104 586 1279 612 numera
1298 571 1353 612 ab
1373 584 1484 611 anno
1507 574 1618 622 1582,
1635 579 1686 611 ut

217 621 441 679 ‘Exempli
478 622 653 673 gratia:
692 622 756 663 Sit
793 621 908 663 inve·
936 612 941 655 l
969 623 1129 664 dietum
1156 633 1236 671 est,
1265 636 1401 674 usque
1434 623 1489 681 ad
1525 636 1685 663 annum

189 674 339 713 menda
349 673 499 714 littera
509 672 908 714 Dominicalisanno
973 676 1084 721 1616,
1107 675 1325 715 redeundo
1351 674 1406 714 ad
1427 673 1682 724 principium

193 726 296 774 1587.
331 725 534 765 Numera
568 724 623 765 ab
659 738 771 765 anno
812 727 907 774 1582
968 725 1165 774 tabellae,
1198 735 1426 776 postquam
1461 738 1555 765 eam
1648 739 1684 765 r·

190 787 311 824 quem
330 775 476 816 tribue
500 775 663 826 primae
683 775 848 816 litterae
866 789 905 823 c,
968 775 1162 824 curreris,
1183 775 1355 827 perveni
1435 790 1488 816 ue
1505 776 1562 817 ad
1576 739 1685 817 cl'ueas

188 838 318 876 usque
362 827 420 867 ad
467 840 631 867 annum
678 829 790 885 1587,
836 826 907 866 tri—
935 864 939 889 ἰ
966 827 1095 868 hasce
1146 826 1308 868 litteras
1357 840 1381 868 c
1456 858 1467 875 ,
1504 825 1685 878 septimo

188 875 354 917 buendo
373 877 441 918 sin
510 877 561 923 lis
580 877 745 919 cellulis
763 877 907 928 singu·
936 896 941 941 ἱ
968 878 1060 919 loco
1165 877 1256 919 itas.
1314 878 1392 918 Est
1418 891 1520 928 ergo
1546 891 1684 918 annus

190 925 248 967 los
273 942 409 970 annos
435 892 750 980 ‹gczmpumndo
775 928 907 979 gemi-
966 929 1036 970 ille
1129 927 1340 977 issextilis,
1377 942 1474 970 cum
1525 929 1682 979 duplex

190 990 260 1018 nas
279 978 444 1020 litteras
464 993 760 1031 quascumque
784 993 907 1031 supe-
935 1008 939 1027 .
968 980 1108 1021 littera
1157 989 1364 1028 occurrat,
1409 979 1684 1038 superiorque

188 1028 334 1070 riorem
362 1040 407 1072 et
436 1029 699 1077 inferiorem,
718 1044 795 1081 pro
821 1045 906 1072 una
936 1050 939 1085 ς
968 1032 1109 1072 littera
1126 1044 1165 1079 c,
1186 1029 1456 1072 DominIcam
1484 1029 1599 1071 diem
1623 1044 1684 1070 m·

189 1080 352 1137 gellula)
378 1083 600 1133 oedetque
634 1095 772 1123 annus
810 1084 906 1132 1587
936 1090 937 1123 1
967 1082 1129 1123 dicabit
1154 1095 1181 1122 a
1206 1081 1414 1133 principio
1434 1081 1537 1122 anni
1556 1080 1682 1129 illius,

130 1138 131 1149 ¹
189 1142 228 1170 tn
247 1131 431 1173 litteram
455 1134 503 1181 d,
523 1147 636 1184 quae
664 1142 830 1173 sextum
851 1132 907 1173 lo-
936 1146 937 1151 ¹
968 1148 1104 1184 usque
1130 1134 1185 1174 ad
1213 1132 1366 1173 festum
1397 1132 1437 1174 S.
1472 1131 1683 1178 Mathiae.

126 1152 131 1249 l
188 1193 279 1222 cum
307 1182 350 1224 in
380 1184 548 1224 tabella
574 1196 767 1235 occupat.
826 1184 906 1224 Est
936 1222 937 1231 ,
967 1184 1139 1225 inferior
1152 1194 1295 1225 autem
1307 1182 1686 1234 b,inreliquapar-

126 1268 129 1279 ,
188 1245 283 1283 ergo
301 1245 394 1275 toto
421 1249 477 1276 eo
508 1249 622 1276 anno
649 1235 790 1275 littera
816 1235 904 1276 Do-
936 1240 937 1281 ζ
968 1247 1010 1277 te
1029 1234 1142 1276 anni.

190 1309 307 1354 Alia
340 1311 546 1356 Tabella
580 1311 884 1356 Litterarum
918 1311 1306 1356 Dominicalium
1337 1310 1396 1355 ab
1415 1324 1545 1355 anno
1570 1312 1687 1369 1833

127 1312 132 1465 d
367 1372 629 1423 inclusive,
660 1386 805 1429 usque
823 1373 890 1415 ad
909 1387 1096 1416 annum
1125 1385 1237 1429 1900
1257 1371 1504 1416 exclusive.

193 1456 1678 1663 ‡L÷;‚2,-ss-}5„3³{fj2-.2—-.-2
1089 1458 1689 1655 0{b{A{÷¹3e{⁶2

223 1639 987 1766 cAbjgwsie'ggpr
1090 1640 1689 1764 g{gid·[c{b'pkl

244 1790 355 1833 Usus
367 1793 441 1844 huj
448 1807 505 1835 us
520 1793 701 1834 tabellae
716 1794 812 1834 talis
826 1803 902 1834 est.
974 1793 1160 1834 litteram
1193 1791 1504 1833 Dominicalem
1541 1807 1689 1845 propo·

193 1839 311 1899 Anno
342 1846 440 1896 1833
469 1844 688 1885 tribuatur
718 1843 859 1885 littera
892 1844 914 1883 f
972 1843 1044 1885 siti
1063 1842 1176 1885 anni.
1210 1845 1332 1895 Quae
1351 1843 1386 1884 si
1405 1843 1531 1885 unica
1545 1858 1689 1886 occur·

196 1903 347 1939 primae
392 1896 592 1943 cellulae,
625 1903 668 1936 et
712 1894 907 1946 sequenti
972 1895 1089 1943 terit,
1109 1908 1247 1936 annus
1272 1894 1351 1936 erit
1370 1895 1604 1937 communis
1623 1911 1633 1942 ;
1652 1895 1687 1936 si

195 1953 299 1985 anno
317 1948 413 1997 ¹83⁴
433 1947 578 1988 littera
596 1960 636 1995 e,
650 1955 693 1987 et
711 1945 772 1987 sie
790 1946 908 1987 dein·
971 1960 1073 1988 vero
1092 1945 1572 1997 duplex‚Bissextilis,et
1587 1957 1689 1988 tunc

197 2005 219 2031 c
300 1998 484 2039 caeteris
497 1996 621 2038 annis
632 1997 780 2038 ordine
797 1996 907 2038 aliae
971 1996 1165 2049 superior
1226 1997 1367 2038 littera
1420 1997 1688 2039 Dominicarn

198 2044 367 2088 celulae
393 2049 656 2096 tribuantur,
686 2049 821 2089 donec
852 2049 907 2089 ad
972 2049 1088 2090 diem
1114 2047 1320 2089 indicabit
1352 2047 1395 2088 in
1429 2048 1689 2090 Kalendario

200 2106 349 2138 annum
376 2098 643 2152 propositum
671 2098 905 2157 pervenias,
938 2085 942 2140 !
971 2113 998 2140 a
1021 2098 1230 2150 principio
1256 2098 1371 2145 anni.
1392 2113 1525 2151 usque
1551 2101 1607 2141 ad
1633 2099 1690 2140 fe-

200 2147 408 2191 redeundo
425 2153 485 2192 ad
504 2150 760 2202 principium
779 2150 908 2190 tabel-
939 2149 942 2196 1
973 2160 1086 2191 stum
1132 2151 1174 2192 S.
1227 2150 1421 2192 Mathiae
1477 2149 1687 2201 Apostoli,

200 2194 276 2245 lae,
301 2201 655 2252 quotiescumque
693 2214 787 2242 eam
817 2215 909 2252 per-
973 2200 1145 2243 inferior
1179 2212 1339 2248 autem,
1376 2201 1430 2242 ab
1466 2201 1547 2243 hoc
1583 2201 1690 2242 sesto

204 2250 395 2292 curreris:
416 2254 536 2294 Nam
550 2251 767 2300 cellula,in
780 2265 909 2303 quam
940 2279 941 2292 η
973 2267 1109 2304 usque
1128 2253 1183 2294 ad
1203 2252 1329 2293 finem
1348 2250 1459 2293 anni.

204 2310 331 2341 annus
360 2303 604 2356 propositus
639 2302 771 2351 cadit,
790 2302 909 2344 dabit
940 2321 941 2330 ¹

715 2439 786 2474 DE
821 2439 1152 2477 INDICTIONE.

266 2499 522 2549 NDICTIO
543 2514 609 2548 est
637 2504 846 2547 revolutio
867 2519 911 2555 15
938 2513 942 2536 ⁶
975 2506 1018 2548 in
1055 2505 1374 2566 Diplornatibus
1402 2515 1445 2547 et
1471 2504 1690 2556 scripturis

287 2566 487 2599 annorum
506 2558 564 2600 ab
583 2573 599 2597 1
616 2570 754 2608 usque
773 2557 827 2597 ad
841 2571 911 2614 ³15,
939 2545 943 2598 Ιι
974 2558 1171 2609 ριὼίἰοιε,
1206 2557 1330 2598 facile
1371 2570 1528 2615 annunt
1576 2555 1692 2597 Indi-

210 2612 288 2649 qua
320 2610 582 2651 revolutione
619 2607 810 2659 peraeta,
840 2617 913 2648 ite·
942 2623 943 2634 ¹
975 2607 1692 2658 &ioniscurrentemquohbetanno

214 2662 297 2708 sym
323 2659 477 2701 reditur
503 2661 561 2701 ad
591 2658 819 2706 unitatem,
841 2658 914 2698 ini·
942 2669 945 2678 ’
976 2659 1192 2719 proposito
1229 2657 1495 2699 inveniemus
1531 2672 1582 2698 ex
1627 2671 1690 2699 se-

215 2708 389 2763 uufuque
409 2712 541 2752 sumit
567 2709 753 2761 quilibet
780 2722 914 2749 annus
942 2751 946 2766 ‚
977 2721 1124 2760 quenti
1145 2710 1318 2756 tabella,
1338 2708 1461 2758 cujus
1481 2723 1580 2749 usus
1599 2722 1692 2759 per-

214 2750 331 2810 hujus
348 2762 450 2811 cycli
469 2777 496 2804 a
515 2759 733 2814 Januario
754 2757 795 2799 in
819 2760 915 2799 Bul·
977 2772 1132 2811 petuus
1156 2771 1244 2802 est:
1271 2758 1438 2801 initium
1464 2767 1605 2800 tamen
1624 2772 1693 2798 su·

213 2801 260 2841 ¹¹⁵
295 2807 535 2864 pontificiis.
610 2811 671 2852 Et
716 2809 915 2860 quoniam
979 2811 1054 2852 mit
1073 2813 1127 2853 ab
1146 2825 1258 2854 anno
1286 2808 1555 2852 corredtionis
1578 2812 1686 2858 1582.

221 2852 479 2906 lndxflionurn
507 2865 715 2914 frequens
736 2873 837 2900 usus
855 2872 917 2902 est
