2050 3392
473 264 661 334 Insra-
674 265 1173 324 Ηεύτᾶ·.σαοκηᾶανη
1196 266 1457 323 Οᾶοὸηῖς.

212 399 260 444 N
261 413 358 446 unc
377 414 504 459 ergo
522 399 664 446 mitte
683 401 929 455 virum,cui

209 460 379 513 credis,
405 467 464 506 ut
485 468 580 513 aet,
602 468 651 506 et
672 461 832 507 videat
852 476 930 507 ex-

210 520 492 566 terminium
507 534 666 573 omne,
672 523 805 580 quod
820 522 930 568 fecit

210 581 362 634 nobis,
390 587 441 627 et
468 580 747 639 regidnibus
771 583 896 641 regis
916 596 926 628 :

209 648 257 687 et
302 640 479 700 puniat
530 654 701 687 omnes
746 642 928 689 amicos

210 702 325 760 ejus,
354 708 402 748 et
425 701 676 760 adjutdres
694 702 870 748 edrum.

274 765 342 808 RJ.
380 762 640 820 Impetum.
669 775 769 807 221.

456 838 627 891 Lecffio
648 840 692 890 ii.

359 910 408 955 T
439 910 585 969 elegit
613 924 695 955 rex
722 925 781 956 ex
809 910 927 956 ami-

213 916 249 1026 ε
300 912 355 1075 fi
391 971 461 1015 cis
489 970 587 1015 suis
619 969 920 1024 BAcchidem,

205 1043 290 1087 qu1
351 1030 662 1075 ominabzitur
687 1038 815 1077 trans
839 1031 928 1076 flu·

206 1104 318 1135 men
340 1104 580 1148 magnum
609 1090 659 1135 in
689 1104 851 1149 regno,
877 1099 926 1137 et

205 1149 402 1195 fidelem
419 1150 518 1210 regi
542 1164 553 1195 ε
575 1157 623 1195 et
644 1151 772 1197 misit
795 1165 918 1205 eum,

205 1218 261 1254 ut
324 1209 508 1254 videret
571 1210 918 1262 exterminium,

207 1269 346 1327 quod
383 1268 491 1314 fecit
522 1269 681 1332 Judas
708 1284 719 1315 :
757 1271 842 1315 sed
877 1279 924 1316 et

205 1329 453 1373 Alcimum
467 1328 669 1387 smpium
678 1330 924 1375 constituit

206 1389 259 1433 in
286 1388 623 1446 sacerddtium,
651 1397 698 1435 et
727 1389 926 1435 mande-

207 1448 278 1493 vit
320 1448 363 1493 ei
405 1448 562 1494 facere
603 1449 834 1495 ultic'mem
875 1450 923 1495 in

210 1507 339 1553 filios
380 1509 540 1555 Israel.
607 1510 670 1554 Et
716 1509 925 1556 surrexe-

209 1574 339 1620 runt,
361 1576 407 1614 et
423 1568 653 1615 venerunt
670 1583 777 1615 cum
795 1570 924 1616 exer·
1000 1608 1002 1611 .

209 1629 311 1674 citu
328 1642 506 1688 magno
523 1629 574 1675 in
591 1638 762 1675 terram
772 1630 921 1693 Juda:
942 1673 945 1676 ,

209 1696 260 1735 et
289 1688 520 1736 miserunt
548 1687 753 1744 nuntios,
780 1698 827 1737 et
853 1691 946 1736 10--

209 1749 310 1794 cuti
341 1758 448 1795 sunt
476 1750 544 1795 ad
561 1750 755 1813 Judam,
783 1759 830 1797 et
858 1752 922 1797 ad

210 1810 380 1856 fratres
406 1811 508 1875 eJus
536 1811 688 1856 verbis
713 1811 923 1869 pacificis

210 1869 260 1915 in
289 1870 419 1917 dolo.
488 1870 552 1916 Et
581 1883 679 1915 non
707 1871 924 1917 intende-

211 1937 324 1975 runt
376 1929 677 1976 sermbnibus
727 1930 922 1976 edrurn:

209 1989 430 2036 viderunt
473 1991 600 2035 enim
638 1990 750 2048 quia
784 1990 922 2037 vene-

209 2057 325 2095 runt
345 2064 455 2096 cum
477 2050 685 2099 exercitu
705 2064 896 2118 magno.

278 2101 348 2144 PJ.
380 2109 729 2170 Congregdtae.
757 2122 857 2156 221.

447 2177 611 2227 Lectio
632 2179 696 2228 iii.
770 2240 773 2241 ⁷
814 2222 820 2227 .

361 2260 407 2304 T
474 2257 793 2305 convenerunt
856 2260 923 2304 ad

390 2320 645 2372 Alcimum,
664 2325 710 2364 et
727 2318 923 2364 Bacchi-

210 2378 326 2424 dem
339 2378 651 2438 congregatio
664 2377 923 2424 scribatum

210 2438 450 2497 requirere
474 2452 602 2497 quae
620 2439 753 2496 justa
768 2446 887 2485 sunt
910 2452 920 2483 :

210 2508 261 2545 et
275 2500 431 2557 primi,
443 2498 678 2550 Assidaei,
691 2498 775 2556 qui
788 2505 922 2544 erant

208 2559 262 2605 in
299 2559 411 2606 sniis
445 2558 607 2610 Israel,
633 2565 682 2603 et
712 2557 922 2616 exquire-

208 2620 330 2666 bant
349 2621 421 2665 ab
434 2619 506 2664 eis
518 2628 716 2676 pacem.
781 2617 922 2663 Dixe-

208 2687 322 2726 runt
336 2680 468 2725 enim
484 2692 494 2722 :
514 2677 685 2725 Homo
701 2676 921 2723 sacerdos

210 2741 275 2786 de
291 2739 477 2787 semine
490 2738 656 2783 Aaron
670 2737 810 2790 venit,
823 2750 920 2782 non

208 2800 422 2859 depriet
463 2811 557 2844 nos
597 2810 608 2842 t
648 2803 701 2841 et
737 2795 922 2842 locutus

210 2866 286 2907 est
305 2872 421 2906 cum
438 2857 512 2904 eis
531 2856 679 2902 verba
695 2855 890 2913 pacifica
909 2870 919 2901 :

209 2927 260 2967 et
275 2917 455 2978 iuravit
476 2915 581 2964 iuis.
600 2914 788 2962 dicens:
807 2914 922 2961 Non

1600 280 1703 336 227

993 401 1248 448 inseremus
1309 402 1444 449 vobis
1501 401 1693 457 malum.

993 476 1147 521 neque
1186 461 1352 508 amicis
1391 462 1568 509 vestris.
1634 462 1699 509 Et

992 522 1294 570 crediderunt
1333 523 1377 568 ei
1414 537 1424 568 :
1469 523 1530 568 Et
1570 535 1701 569 com·

993 582 1241 641 prehendit
1270 597 1330 629 ex
1354 583 1422 629 eis
1450 582 1701 641 sexaginta

992 643 1131 696 viros,
1155 651 1202 688 et
1228 642 1406 689 occidit
1431 656 1515 688 eos
1534 643 1582 687 in
1603 656 1702 688 una

992 702 1082 755 die,
1161 702 1422 748 secundum
1503 703 1695 747 verbum

990 762 1122 820 quod
1145 763 1371 821 scriptum
1392 769 1464 809 est
1484 777 1495 808 z
1519 763 1697 809 Carnes

991 821 1266 878 sanctorum
1293 823 1496 875 tudrum,
1522 829 1568 868 et
1590 822 1697 869 sitn-

990 883 1186 940 guinem
1203 883 1410 939 ips6rum
1428 881 1697 929 effuderunt

992 942 1042 996 in
1089 939 1286 987 circuitu
1322 942 1601 1005 Jerusalem,
1646 949 1696 989 et

991 1014 1093 1046 non
1114 1007 1215 1047 erat
1235 1001 1314 1059 qui
1341 1001 1573 1060 sepeliret.

1050 1061 1123 1119 w.
1140 1061 1250 1106 Tua
1262 1068 1332 1106 est
1347 1060 1573 1120 potentia.
1587 1072 1691 1111 222.

1186 1213 1497 1261 SABBATO.

1035 1274 1109 1320 De
1130 1274 1250 1320 libro
1270 1275 1426 1332 primo
1447 1274 1645 1322 Macha-

1220 1334 1459 1380 baedrum.
1667 1359 1670 1368 ·

1079 1401 1244 1453 Lec‘tio
1264 1402 1295 1451 i.
1368 1408 1478 1464 Cap.
1506 1406 1597 1452 viii.

1030 1478 1268 1541 '713sT
1316 1477 1500 1524 audivit
1536 1478 1695 1543 Judas

1205 1540 1207 1591 i
1251 1552 1427 1584 nomen
1451 1535 1694 1586 Romand·

1085 1595 1167 1655 «ἶἰῒ
1205 1608 1208 1651 ξ
1251 1612 1370 1650 rum,
1418 1598 1531 1657 quia
1581 1601 1693 1643 sunt

1000 1655 1095 1699 μβ
1108 1696 1119 1700 -
1203 1680 1208 1701 1
1251 1655 1471 1715 potentes
1496 1657 1686 1719 viribus,

987 1723 1037 1761 et
1070 1715 1376 1774 acquiescunt
1410 1717 1475 1762 ad
1511 1716 1688 1771 6mnia,

987 1789 1113 1834 quae
1133 1776 1437 1834 postulamur
1455 1777 1518 1821 ab
1539 1776 1605 1820 eis
1621 1783 1695 1821 :et

986 1834 1274 1897 quicumque
1304 1835 1601 1882 accesserunt
1628 1835 1694 1881 ad

986 1910 1083 1949 eos,
1141 1895 1405 1942 statuerunt
1459 1909 1570 1942 curn
1626 1894 1693 1941 eis

985 1956 1230 2010 amicitiaS,
1258 1963 1305 2002 et
1334 1957 1446 2016 quia
1471 1964 1580 2003 sunt
1604 1968 1692 2014 po-

986 2016 1140 2063 tentes
1175 2017 1365 2063 viribus.
1431 2017 1495 2062 Et
1528 2015 1691 2062 audie-

984 2085 1096 2123 runt
1117 2074 1293 2136 praelia
1321 2076 1499 2128 ebrum,
1526 2083 1575 2123 et
1602 2075 1691 2121 vir-

984 2132 1113 2183 tutes
1139 2138 1304 2190 bonas,
1333 2150 1452 2195 quas
1480 2134 1690 2181 fecerunt

984 2196 1035 2242 in
1075 2196 1277 2249 Galatia,
1317 2197 1434 2255 *quia
1473 2193 1690 2241 obtinue-

984 2264 1094 2302 runt
1125 2271 1221 2309 eos,
1254 2264 1302 2302 et
1333 2256 1568 2302 duxerunt
1600 2250 1689 2299 sub

987 2315 1214 2362 tributum
1236 2331 1247 2362 ι
1280 2325 1327 2362 et
1357 2322 1540 2375 quanta
1570 2312 1690 2359 fece-

984 2384 1093 2422 runt
1113 2377 1165 2422 in
1188 2376 1383 2434 regidne
1405 2373 1683 2432 Hispaniae,

983 2444 1030 2485 et
1047 2437 1178 2494 quod
1193 2437 1242 2481 in
1256 2434 1545 2494 potestatem
1558 2432 1691 2477 rede-

982 2496 1154 2554 gerunt
1194 2495 1388 2541 metella
1415 2491 1606 2550 »argenti
1642 2499 1689 2537 et

983 2556 1098 2608 auri,
1148 2569 1274 2613 quae
1323 2554 1416 2598 illic
1466 2557 1592 2603 sunt,
1623 2558 1689 2599 ,et

982 2615 1297 2673 possederunt
1317 2625 1510 2658 omnem
1532 2611 1689 2659 locum

984 2675 1184 2720 consssio
1199 2688 1202 2691 ·
1218 2686 1319 2725 suo,
1345 2679 1394 2717 et
1426 2669 1688 2728 patientia:

984 2735 1185 2791 ldcaque
1220 2744 1346 2791 quae
1378 2732 1521 2789 longe
1556 2738 1688 2785 erant

984 2794 1123 2840 valde
1158 2793 1221 2838 ab
1251 2792 1331 2843 eis,
1359 2799 1408 2836 et
1435 2804 1571 2849 reges
1605 2791 1687 2850 qui

982 2852 1349 2911 supervenerant
1368 2850 1437 2896 eis
1455 2851 1518 2897 ab
1538 2850 1688 2897 extre·

984 2913 1077 2959 mis
1097 2920 1268 2964 terrae,
1288 2910 1621 2963 contriverunt,
1641 2916 1691 2955 et
