2050 3392
373 278 474 334 252

632 266 798 337 Infra
824 262 1000 318 Hebd.
1028 262 1283 333 quintam
1315 260 1575 314 Odobris.

371 399 476 456 ipso
526 398 875 444 resuscitandos
913 412 923 443 :

370 458 496 501 enim
526 458 804 503 resurrectio
831 458 895 502 ad
927 457 1073 501 vitam

370 530 467 561 non
496 518 594 563 erit.
677 518 739 562 Et
768 530 875 561 cum
908 518 1075 561 admo-

367 577 544 622 vissent
572 577 802 634 quintum,
840 576 1074 623 vexabant

368 650 493 682 eum.
558 638 622 682 At
643 637 731 687 ille,
753 635 1005 693 respiciens
1025 637 1073 679 in

369 710 492 749 eum,
520 695 637 741 dixit
661 711 670 741 :
696 696 984 740 Potestdtem
1005 696 1075 739 in-

367 764 439 801 ter
451 757 667 801 homines
682 756 993 807 haben5‚cum
1011 755 1075 800 sis

369 816 698 873 corruptibilis,
765 816 882 860 facis
941 815 1075 873 quod

367 875 437 918 vis
461 889 470 919 :
493 876 589 920 noli
611 884 771 920 autern
797 874 964 932 putere
994 888 1074 931 ge-

368 947 458 978 nus
499 942 714 980 nostrum
755 948 786 979 a
826 935 931 978 Deo
971 947 1075 979 esse

369 993 658 1039 derelicstum.
725 995 804 1038 Tu
817 1002 976 1039 autem
992 1007 1075 1050 pa-

369 1053 538 1098 tienter
578 1053 769 1106 sfistine,
807 1061 854 1098 et
893 1053 1075 1097 videbis

370 1126 594 1169 magnam
608 1113 892 1170 potestatem
908 1112 1069 1170 ipsius.

368 1172 571 1229 qualiter
592 1180 652 1225 te,
679 1179 725 1216 et
747 1185 909 1216 semen
938 1180 1072 1216 tuum

371 1231 623 1288 torquebit.
693 1231 805 1275 Post
830 1231 957 1275 hunc
988 1232 1076 1275 du-

369 1290 540 1334 cebant
569 1297 767 1341 sextum,
795 1296 842 1333 et
874 1290 924 1341 is,
954 1291 1073 1335 mori

369 1348 621 1407 incipiens‚‘
639 1349 706 1393 sic
725 1349 791 1393 ait
811 1363 821 1393 ε
846 1348 959 1393 Noli
982 1350 1075 1394 fru-

369 1417 465 1453 stra
486 1409 638 1453 errare
661 1422 670 1453 ε
692 1421 782 1452 nos
810 1408 935 1452 enim
968 1422 1075 1466 pro-

370 1476 474 1525 pter
494 1468 813 1525 nosmetipsos
842 1468 960 1513 haec
990 1468 1075 1526 ρά-

371 1527 514 1572 timur
547 1527 800 1584 peccantes
835 1528 883 1572 in
917 1528 1074 1574 Deum

369 1594 598 1639 nostrum,
621 1595 667 1632 et
692 1588 839 1644 digna
869 1588 1075 1632 admira·

368 1645 498 1691 tione
529 1646 657 1691 facta
684 1656 793 1692 sunt
824 1647 873 1692 in
904 1648 1073 1692 nobis:

370 1713 423 1750 tu
443 1714 604 1751 autem
629 1720 690 1752 ne
719 1707 960 1752 existimes
989 1708 1073 1753 tibi

367 1765 563 1822 impt'me
577 1765 800 1818 futtirum,
814 1769 947 1826 quod
965 1781 1076 1813 con-

369 1833 460 1893 tra·
479 1825 637 1870 Deum
673 1827 887 1884 pugnare
923 1828 1075 1873 tenta-

369 1897 501 1930 veris.

425 1949 496 2007 R7,
560 1943 857 1991 ornaverunt
905 1946 1074 1992 faeiem

369 2002 531 2060 templi
572 2003 758 2048 coronis
805 2005 972 2058 Aureis,
1028 2015 1073 2051 et

369 2061 704 2108 dedicaverunt
732 2063 878 2110 altdre
911 2065 1075 2110 1)όωί-

370 2134 434 2165 no
457 2130 509 2167 z*
545 2122 607 2167 Et
638 2122 766 2168 facta
792 2131 863 2168 est
893 2124 1076 2170 laetitia

368 2195 546 2238 magna
586 2182 634 2225 in
674 2182 868 2240 populo.
906 2188 966 2247 V,
1016 2185 1073 2228 In

368 2240 557 2297 hymnis
605 2250 652 2287 et
700 2242 1073 2288 confessionibus

366 2301 709 2349 benedicebant
729 2301 1074 2348 D<5minum.—-

369 2359 431 2406 Et
456 2359 596 2406 facta.

584 2456 750 2505 Lecstio
774 2457 833 2504 iii.

502 2538 548 2582 U
557 2537 685 2582 PRA
693 2538 892 2582 modum
909 2545 1071 2583 autem

354 2539 490 2698 β
529 2606 681 2643 mater
729 2597 970 2648 mirabilis,
1022 2605 1070 2642 et

401 2655 600 2701 cnorum
639 2656 868 2702 memoria
904 2657 1064 2713 digna,

365 2715 1070 2832 ῧὲἓῖηῗῖιῖξῖἶῗὲῑέῗῗὲἓξοῗὲ

367 2831 812 2888 conspiciens,bono
828 2833 988 2879 animo
1005 2834 1070 2878 se·
1135 2847 1251 2879 voce
1274 2833 1358 2878 des

987 398 1072 442 tibi
1142 398 1187 441 in
1206 398 1362 442 Deum
1375 397 1582 443 habebat
1600 412 1611 443 :
1629 396 1669 443 si

1670 398 1850 457 ngulos

1139 456 1323 502 illorum
1337 457 1616 503 hortabatur
1629 472 1752 503 voce
1765 458 1853 516 pa-

1140 517 1228 561 tria
1247 516 1438 568 fortiter,
1465 517 1645 572 repleta
1661 518 1852 575 sapien-

1140 576 1222 620 tia:
1252 583 1312 627 et,
1328 576 1553 621 foeminae
1567 577 1850 634 cogitationi

1139 636 1451 680 masculinum
1479 636 1693 681 animum
1728 636 1853 681 inse-

1139 708 1258 747 rens,
1286 695 1402 740 dixit
1430 696 1493 739 ad
1522 708 1605 740 eos
1633 709 1642 739 :
1667 696 1851 742 Nescio

1139 755 1338 811 qualiter
1357 755 1406 799 in
1426 754 1560 799 fitero
1577 768 1687 799 meo
1699 769 1850 813 appa-

1140 812 1297 860 ruistis
1337 828 1348 859 :
1401 828 1554 871 neque
1587 815 1716 858 enim
1755 828 1850 872 ego

1140 874 1357 931 spiritum
1381 883 1426 918 et
1442 874 1651 919 animam
1670 875 1849 919 donavi

1139 934 1272 977 vobis
1299 942 1345 979 et
1376 934 1533 984 vitam,
1559 941 1605 978 et
1637 933 1852 991 singulo-

1140 1006 1243 1036 rum
1265 994 1478 1037 membra
1498 1006 1594 1037 non
1623 1006 1715 1050 ego
1743 994 1853 1051 ipsa

1140 1053 1389 1109 compegi:
1418 1054 1503 1097 sed
1530 1052 1656 1097 enim
1679 1054 1852 1098 mundi

1142 1112 1351 1164 Creator,
1393 1112 1474 1169 qui
1507 1111 1734 1158 formdvit'
1764 1112 1852 1159 ho-

1141 1172 1281 1216 minis
1321 1172 1626 1224 nativitatem,
1668 1172 1852 1229 quique

1140 1231 1353 1277 omnium
1389 1231 1562 1276 invenit
1592 1230 1846 1288 originem,

1141 1299 1187 1336 et
1228 1290 1449 1349 spiritum
1500 1290 1633 1335 vobis
1675 1291 1850 1336 iterum

1140 1364 1249 1395 cum
1272 1349 1590 1396 misericordia
1608 1351 1780 1396 reddet
1802 1359 1851 1397 et

1140 1410 1299 1462 vitam,
1334 1410 1454 1454 sicut
1484 1422 1612 1453 nunc
1639 1418 1852 1455 vosmet-

1141 1468 1286 1538 ipsos·
1300 1468 1538 1527 despicitis
1565 1477 1764 1527 propter
1785 1470 1852 1514 le-

1139 1542 1225 1587 ges
1245 1542 1360 1587 ejus.

1196 1599 1269 1652 R7,
1303 1589 1359 1632 In
1380 1588 1569 1646 hymnis
1596 1595 1644 1634 et
1665 1588 1853 1634 confes-

1140 1646 1350 1693 sionibus
1376 1648 1722 1695 benedicebant
1750 1649 1851 1694 Do-

1141 1709 1321 1753 minum
1344 1720 1389 1754 :⁴÷
1413 1708 1510 1764 Qui
1531 1723 1712 1767 magna
1740 1709 1850 1755 feeit

1141 1768 1189 1812 in
1209 1769 1366 1820 Israe'l,
1388 1777 1435 1814 et
1451 1768 1701 1815 victoriam
1716 1770 1851 1814 dedit

1142 1828 1230 1872 illis
1257 1827 1490 1874 Dominus
1522 1829 1845 1887 omnipotens,

1136 1894 1195 1955 ss,
1226 1888 1522 1934 ornaverunt
1542 1889 1714 1935 faciem
1730 1897 1852 1934 tem·

1141 1946 1204 2004 pli
1227 1948 1413 1993 cordnis
1440 1948 1611 2000 eureis,
1639 1956 1687 1993 et
1715 1947 1851 1993 dedi-

1140 2007 1362 2052 caverunt
1386 2007 1534 2053 altare
1556 2007 1849 2054 Domino.—

1140 2065 1234 2120 Qui
1260 2079 1449 2123 magna.
1509 2066 1680 2119 Gloria.
1701 2066 1844 2112 Patri.

1140 2125 1234 2180 Qui
1255 2138 1442 2183 magna.

1229 2293 1428 2340 FERIA
1484 2293 1753 2340 TERTIA.

1163 2367 1238 2413 De
1254 2370 1372 2415 libro
1392 2367 1606 2415 secl'mdo
1628 2370 1828 2417 Macha-

1365 2429 1612 2476 baeorurn.

1188 2519 1352 2567 Lectio
1369 2520 1398 2567 i.
1502 2514 1614 2572 Cap,
1642 2515 1718 2562 vii.
1745 2530 1780 2561 e.

1369 2596 1730 2645 NTIOCHUS
1764 2613 1847 2644 au·

1169 2702 1171 2706 ,
1221 2678 1230 2698 κ
1392 2664 1501 2707 tem,
1531 2658 1773 2704 contemni
1793 2672 1846 2703 se

1233 2720 1341 2769 QX
1392 2715 1659 2769 arbitratus,
1705 2718 1844 2762 simul

1158 2759 1179 2793 *
1230 2760 1345 2804 Μ
1392 2783 1439 2820 et
1513 2776 1846 2832 exprobrantis

1546 2847 1656 2879 cum
1686 2836 1846 2881 adhuc

368 2887 500 2933 rebat
532 2899 722 2949 propter
746 2906 895 2952 spem,
921 2907 1068 2953 quam
1136 2892 1481 2940 adolescentior
1555 2894 1840 2956 superesset,
