2050 3392
599 224 658 276 F
651 225 771 277 eria
796 225 964 277 tertia
988 224 1073 276 ad
1089 224 1462 278 Matutinum.

366 347 683 405 Suscepimus,
704 348 847 398 Deus,
875 347 1012 391 mise-

305 408 557 454 ricordiam
581 406 760 459 tuam*
781 408 829 451 in
852 406 1010 451 medio

309 468 470 525 templi
494 467 575 513 tui.

367 526 638 572 Secundum
659 539 833 571 nomen
853 534 1003 577 tuum,

310 587 452 639 Deus,
472 587 540 633 sic
555 595 602 631 et
619 587 721 630 laus
735 594 818 630 tua
833 586 882 629 in
894 585 1011 630 fines

307 655 458 692 terrae
485 661 496 691 ε
518 644 546 669 ⁴*
571 645 757 703 justitia
779 646 920 702 plena
939 653 1010 690 est

307 707 502 751 dextera
522 713 620 750 tua.

369 765 593 810 Laetetur
631 777 769 809 mons
811 764 938 815 Sion,
966 771 1014 808 et

307 823 516 869 exultent
533 824 658 869 filiae
690 824 1014 886 Judae,*pro-

308 891 414 941 pter
429 883 609 941 judicia
629 890 723 934 tua,
753 883 973 928 Domine.

367 942 671 988 Circumdate
686 942 813 993 Sion,
823 950 869 986 et
886 955 1015 986 com-

309 1001 565 1059 pleo'timini
595 1015 702 1046 eam
728 1016 739 1047 :
769 999 797 1024 ⁴*
828 1000 1014 1046 narrate

309 1063 359 1106 in
381 1061 584 1106 turribus
606 1063 720 1119 eJus.

371 1121 537 1166 Ponite
546 1121 692 1165 corda
700 1128 854 1165 vestra
866 1120 914 1164 in
927 1120 1014 1164 vir-

308 1179 410 1225 tute
441 1180 541 1235 ejus
569 1195 579 1225 :
613 1177 640 1203 ⁴*
669 1188 717 1224 et
749 1178 1013 1224 distribuite

309 1240 481 1284 domos
501 1241 615 1297 ejus,
645 1247 698 1283 ut
720 1238 945 1283 enarretis
966 1238 1012 1282 in

308 1299 535 1355 progenie
556 1298 716 1343 altera.

368 1358 609 1412 Quoniam
646 1358 723 1402 hic
754 1364 826 1402 est
861 1357 1009 1409 Deus,

310 1418 443 1462 Deus
474 1425 634 1461 noster
668 1417 716 1460 in
751 1416 1008 1467 aeternum,

309 1484 358 1521 et
373 1476 422 1520 in
438 1476 678 1520 saeculum
695 1475 887 1519 saeculi:
903 1472 930 1498 ⁴*
946 1476 1015 1533 ip-

309 1548 361 1581 se
382 1541 511 1592 reget
533 1548 621 1580 nos
641 1535 690 1578 in
709 1533 911 1579 saecula.

475 1628 688 1673 Psalmns
709 1623 846 1671 xlviii.

476 1713 693 1758 UDITE
736 1713 866 1764 haec,
913 1726 1016 1758 om-

502 1787 585 1818 nes
607 1774 785 1818 Gentes
813 1788 823 1818 :
846 1772 873 1795 ⁴*
894 1773 1016 1818 auri-

310 1834 401 1878 bus
442 1833 668 1890 percipite
707 1845 886 1885 omnes,
935 1832 1015 1890 qui

311 1892 536 1938 habitatis
557 1893 722 1936 orbem
749 1905 758 1935 :

371 1952 561 2009 Quique
589 1950 861 2007 terrigenae,
889 1959 937 1996 et
964 1951 1018 1995 fi-

311 2011 360 2056 lii
404 2011 689 2057 hominum:
724 2009 751 2032 ⁴*
782 2011 923 2055 simul
969 2011 1017 2055 in

310 2085 460 2116 unum
482 2071 612 2115 dives
633 2078 679 2115 et
700 2083 895 2127 pauper.

371 2131 441 2176 Os
481 2143 639 2175 meum
681 2130 900 2187 loquetur
944 2143 1017 2175 sa·

312 2191 541 2249 pientiam
578 2204 589 2234 :
622 2187 649 2213 ⁴*
679 2197 727 2234 et
769 2190 1016 2235 meditatio

312 2251 469 2296 cordis
489 2250 580 2294 mei
602 2248 917 2307 prudentiam.

375 2310 619 2354 Inclinabo
654 2309 703 2352 in
737 2308 1018 2366 parabolam

312 2383 475 2415 aurem
517 2381 674 2413 meam
702 2382 713 2413 ε
747 2367 774 2391 ⁴*
805 2369 1018 2425 aperiam

313 2429 361 2473 in
382 2427 604 2486 psalterio
642 2428 1019 2486 propositionem

312 2501 483 2533 meam.

373 2547 473 2591 Cur
503 2546 684 2592 timebo
718 2547 766 2591 in
805 2548 881 2591 die
921 2561 1022 2591 ma-

312 2604 431 2650 la?*
452 2606 676 2663 imquitas
698 2606 905 2652 calcanei
928 2607 1022 2651 mei

313 2664 622 2711 circumdabit
646 2680 723 2711 me
743 2679 752 2710 :

375 2724 469 2777 Qui
502 2725 750 2770 confidunt
779 2726 828 2770 in
853 2724 1023 2770 virtute

315 2794 402 2826 sua
416 2796 426 2825 ε
444 2782 470 2804 *
479 2783 584 2827 etin
597 2783 899 2829 multitudine
907 2785 1022 2828 divi-

315 2839 485 2884 tiarum
517 2841 710 2887 suerum
739 2843 1014 2901 glorientur.

1143 347 1307 391 Frater
1326 360 1422 391 non
1443 346 1647 398 redimit,
1670 349 1802 393 redi-

1083 416 1181 451 met
1197 406 1400 451 homoz*
1417 420 1514 452 non
1530 407 1667 453 dabit
1688 409 1804 454 Deo

1083 466 1400 523 placationem
1423 480 1574 512 suam.

1145 526 1206 571 Et
1223 526 1429 583 pretium
1446 526 1800 584 redemptionis

1083 584 1271 630 Animae
1282 599 1400 630 suae
1415 601 1425 631 ε
1443 584 1471 609 ⁴*
1486 594 1534 631 et
1551 586 1797 632 laborabit

1084 644 1134 689 in
1147 644 1404 697 aeternum,
1425 654 1471 691 et
1492 646 1614 690 vivet
1628 647 1797 691 adhuc

1084 703 1134 748 in
1155 704 1312 748 finem.

1147 763 1262 807 Non
1304 763 1482 809 videbit
1523 763 1789 817 interitum,

1086 836 1197 867 cum
1228 822 1398 868 viderit
1422 823 1663 880 sapientes
1685 837 1796 868 mo-

1085 882 1275 927 tientes:
1290 880 1318 906 ⁴*
1334 882 1475 927 simul
1491 882 1795 940 insipiens,et
1857 899 1860 902 ·

1085 942 1258 986 stultus
1280 941 1516 998 peribunt.

1145 1001 1208 1045 Et
1230 1000 1497 1057 relinquent.
1525 1000 1692 1047 alienis
1726 1002 1801 1047 di-

1085 1058 1223 1104 vitias
1243 1073 1375 1105 suas:
1397 1058 1425 1083 ⁴*
1456 1068 1505 1105 et
1539 1060 1800 1118 sepulchra

1085 1118 1249 1164 eorum
1287 1120 1461 1164 domus
1502 1120 1693 1165 illorum
1746 1122 1797 1166 in

1086 1178 1347 1223 aeternum,
1842 1208 1849 1215 -

1146 1237 1478 1283 Tabemacula
1527 1238 1699 1284 eorum
1745 1239 1797 1284 in

1086 1296 1324 1354 progenie,
1339 1304 1387 1342 et
1404 1297 1634 1354 progenie
1649 1298 1699 1343 ε’*
1717 1312 1797 1344 vo-

1086 1357 1309 1401 caverunt
1327 1357 1522 1402 nomina
1532 1370 1624 1402 sua
1640 1358 1691 1403 in
1707 1366 1800 1403 ter-

1087 1418 1150 1460 ris
1171 1415 1282 1460 suis.

1148 1475 1211 1519 Et
1229 1475 1388 1527 homo,
1411 1490 1521 1521 cum
1540 1476 1589 1521 in
1608 1476 1796 1523 honore

1087 1542 1221 1585 esset,
1237 1548 1334 1579 non
1346 1535 1574 1581 intellexit
1591 1551 1603 1581 :
1619 1534 1649 1559 ⁴*
1666 1550 1797 1582 com-

1089 1594 1282 1650 paratus
1312 1603 1384 1639 est
1415 1595 1647 1652 jumentis
1687 1596 1796 1641 insi-

1089 1654 1339 1712 pientibus,
1367 1661 1414 1699 et
1437 1654 1601 1700 similis
1640 1655 1798 1703 faetus

1088 1722 1158 1759 est
1181 1714 1284 1758 illis.
1855 1722 1858 1725 '

1151 1773 1289 1818 Haec
1304 1775 1380 1818 via
1392 1773 1581 1819 illorum
1600 1775 1799 1821 scanda-

1090 1832 1189 1877 lum
1205 1833 1344 1889 ipsis:
1364 1831 1392 1857 ⁴*
1404 1842 1452 1878 et
1470 1834 1643 1891 postoe.
1656 1835 1706 1880 in
1722 1849 1802 1881 ore

1090 1905 1178 1937 suo
1200 1893 1582 1950 complacebunt.

1151 1951 1283 1997 Sicut
1297 1966 1410 1997 oves
1433 1953 1480 1997 in
1503 1954 1692 1999 inferno
1714 1954 1798 2014 po-
1859 1998 1861 2001 .

1092 2012 1168 2056 siti
1188 2020 1297 2057 sunt
1327 2010 1389 2058 2*
1411 2026 1540 2058 mors
1572 2014 1801 2072 depascet

1093 2085 1194 2116 nos.

1155 2132 1216 2176 Et
1240 2131 1619 2177 dominabuntur
1633 2134 1800 2180 eorum

1090 2191 1202 2249 justi
1225 2192 1274 2236 in
1296 2190 1592 2237 matutinot*
1607 2201 1656 2238 et
1673 2194 1803 2239 auxi-

1093 2251 1209 2295 lium
1226 2251 1390 2297 eorum
1402 2252 1663 2298 veterascet
1679 2254 1803 2298 inin-

1097 2310 1228 2355 ferno
1251 2325 1281 2355 a
1300 2311 1454 2367 gloria
1473 2311 1657 2357 eorum.

1151 2369 1491 2415 Verumtamen
1515 2370 1648 2416 Deus
1681 2371 1803 2417 redi-

1092 2436 1188 2474 met
1197 2429 1406 2474 animam
1417 2443 1572 2473 meam
1583 2432 1646 2475 de
1654 2445 1803 2477 manu

1092 2488 1238 2541 inferi,
1264 2487 1290 2512 ⁴*
1314 2503 1424 2533 cum
1448 2488 1685 2547 acceperit
1706 2505 1795 2538 me.

1154 2548 1231 2592 Ne
1266 2547 1489 2598 timueris,
1518 2562 1630 2593 cum
1669 2551 1801 2596 dives

1092 2607 1247 2652 faetus
1258 2607 1395 2652 fuerit
1412 2607 1560 2651 homo
1570 2623 1580 2652 :
1592 2607 1618 2631 ⁴*
1628 2618 1678 2654 et
1691 2624 1800 2655 cum

1092 2666 1406 2724 multiplicata
1456 2666 1596 2712 suerit
1648 2668 1801 2725 gloria

1092 2726 1267 2771 domus
1287 2727 1402 2783 ejus.
1842 2779 1851 2788 Ι

1152 2784 1394 2839 Quoniam
1411 2798 1519 2828 cum
1553 2784 1796 2837 interierit.

1092 2857 1191 2889 non
1211 2851 1366 2890 sumet
1386 2842 1549 2888 omnia
1570 2844 1623 2889 ε’
1646 2858 1806 2904 neque
