2050 3392
372 262 440 329 98

432 387 497 432 Et
512 386 814 433 rememorati
836 393 946 433 sunt
967 400 1082 445 qula

373 447 505 492 Deus
526 446 717 505 adjt'ltor
737 455 808 493 est
824 446 991 493 ebrum
1014 461 1024 491 z
1050 445 1077 469 ⁴*

370 517 420 552 et
438 507 568 553 Deus
581 507 792 553 excelsus
806 506 1082 565 redemptor

371 566 537 612 ebrum
559 575 645 612 est.

433 627 494 671 Et
516 626 777 671 dilexerunt
799 638 909 670 eum
930 624 978 669 in
999 638 1083 671 ore

371 684 510 737 suo‚*
531 693 578 731 et
600 686 764 742 lingua
783 699 872 730 sua
895 684 1079 730 mentiti

371 753 483 790 sunt
505 746 546 789 ei
576 758 586 790 τ

432 804 531 849 Cor
574 803 736 850 autem
776 802 941 850 ebrum
978 817 1077 848 non

372 871 472 908 erat
493 862 675 908 redtum
697 877 808 909 cum
829 876 887 909 eo
907 878 917 909 :
941 862 968 888 ⁴*
990 877 1077 908 nec

371 922 534 968 fideles
557 922 705 968 habiti
726 931 835 969 sunt
857 924 908 968 in
935 931 1078 969 testa-

372 982 535 1028 mento
556 984 671 1041 ejus.

428 1043 539 1100 Ipse
545 1051 706 1087 autem
715 1051 785 1088 est
794 1042 1072 1095 misericors,

372 1109 421 1147 et
435 1101 667 1160 propitius
683 1102 763 1147 fiet
776 1102 983 1160 peccatis
1000 1102 1080 1149 eb

372 1175 478 1206 rum
517 1176 528 1207 ι
562 1161 590 1185 ⁴*
622 1170 669 1207 et
704 1175 800 1207 non
827 1161 1079 1221 -disperdet

371 1234 470 1266 eos.

433 1281 496 1325 Et
527 1280 787 1326 abundavit
816 1288 871 1327 ut
902 1281 1081 1327 averte-

372 1349 442 1385 ret
458 1341 575 1385 iram
592 1352 727 1386 suam
748 1340 804 1386 τ’
816 1349 863 1386 et
885 1355 982 1386 non
1003 1355 1082 1387 ac·

373 1399 533 1445 cendit
553 1413 745 1445 omnem
766 1401 886 1445 iram
922 1415 1078 1447 suam:

433 1460 496 1504 Et
504 1460 781 1506 recordatus
790 1467 861 1505 est
872 1461 985 1517 quia
999 1475 1078 1506 ca-

372 1531 426 1563 ro
446 1527 557 1564 sunt
578 1534 588 1564 ε
611 1518 638 1542 ⁴*
664 1520 856 1577 spiritus
878 1521 1069 1572 vadens.

371 1586 418 1623 et
439 1592 537 1623 non
557 1578 756 1624 rbdiens.

431 1637 633 1693 Qubties
676 1638 1074 1685 exacerbaverunt

373 1699 554 1743 eumin
586 1699 786 1750 desert0,
815 1696 843 1721 ⁴*
864 1700 914 1743 in
955 1701 1076 1744 iram

372 1757 725 1804 concitaverunt
757 1770 868 1804 eum
900 1759 949 1803 in
980 1759 1081 1804 ina

373 1817 527 1875 qubso
549 1821 568 1862 ?

433 1878 496 1921 Et
516 1877 725 1922 conversi
750 1885 871 1929 sunt,
901 1886 947 1922 et
981 1885 1082 1922 ten·-

373 1936 588 1980 taverunt
621 1934 776 1980 Deum
815 1951 826 1981 x
848 1935 876 1960 *
897 1945 943 1982 et
974 1946 1082 1991 san-

371 1994 505 2039 b'tum
516 1994 659 2040 Israel
667 1996 1077 2042 exacerbaverunt.

434 2054 481 2098 N
485 2068 547 2098 on
578 2064 689 2100 sunt
714 2056 947 2101 recordati
979 2067 1081 2100 ma-

373 2127 462 2158 nus
483 2115 595 2172 ejus,
617 2114 644 2137 ⁴*
665 2116 743 2159 die
797 2129 861 2160 ua
880 2114 1080 2160 redemit

372 2184 455 2219 eos
476 2175 538 2218 de
556 2185 703 2218 manu
733 2182 751 2219 t
794 2174 1012 2226 balantis,

431 2233 562 2278 Sicut
584 2233 746 2315 pbsuit
777 2234 825 2278 in
856 2234 1077 2291 AEgypto

372 2293 510 2350 signa
529 2306 629 2344 sua,
640 2290 726 2337 *et
748 2293 970 2350 prodigia
990 2306 1079 2338 sua

373 2353 422 2398 in
444 2366 615 2410 campo
639 2352 845 2398 Thneos.

433 2411 496 2457 Et
528 2412 758 2459 convertit
800 2413 847 2457 in
888 2412 974 2459 san

373 2485 483 2516 nem
529 2472 726 2517 flamina
766 2473 943 2524 ebrum,
1031 2480 1079 2517 et

371 2531 546 2576 imbres
567 2533 744 2583 ebrum,
767 2542 828 2576 ne
848 2529 1075 2577 biberent.

437 2588 489 2634 M
496 2591 590 2635 isit
580 2605 627 2635 m
636 2603 718 2636 eos
728 2591 1073 2649 coenomyiam,

375 2657 421 2694 et
436 2650 642 2695 comedit
658 2662 772 2695 eos:
762 2647 817 2674 ⁴*
833 2657 880 2695 et
894 2661 1074 2701 ranam.

373 2717 421 2753 et
442 2708 722 2765 disperdidit
743 2721 839 2755 eos.

437 2767 500 2810 Et
521 2769 651 2812 dedit
672 2768 784 2813 aeni
821 2769 881 2813 ini
900 2768 1082 2814 fruetus

376 2826 540 2871 ebrum
564 2840 574 2870 ε
597 2826 624 2850 ⁴*
645 2836 690 2873 et
711 2828 789 2873 lab
824 2840 897 2874 res
916 2828 1082 2874 ebrum

377 2884 603 2931 locnistae.

664 267 839 320 Feria
863 267 1068 335 quinta
1092 266 1176 318 ad
1192 265 1569 318 Matutinum.

1037 364 1876 443 W-

1151 460 1265 494 neas
1281 446 1446 491 ebrum
1466 460 1477 490 ε
1495 444 1522 468 ⁴*
1539 453 1587 489 et
1602 458 1775 492 moros
1789 446 1874 493 eb-

1150 519 1256 550 rum
1278 506 1327 550 in
1348 505 1534 563 pruina.

1210 566 1271 612 Et
1307 566 1504 610 tradidit
1537 564 1766 622 grdndini
1792 566 1873 624 ju-

1149 625 1311 670 menta
1330 625 1532 671 ebrum.
1556 623 1584 648 ⁴*
1604 632 1652 670 et
1674 638 1872 683 posses—

1149 684 1333 730 sibnem
1355 684 1553 730 ebrum
1541 685 1657 741 lgni.

1211 744 1365 789 Misit
1354 757 1402 788 m
1411 757 1493 789 eos
1507 744 1625 788 iram
1640 745 1867 802 indigna-

1150 803 1292 849 tibnis
1327 817 1481 849 suae:
1513 802 1539 825 ⁴*
1571 804 1868 861 indignatib-

1151 876 1271 915 nem,
1299 870 1347 907 et
1367 864 1500 913 iram,
1527 870 1573 907 et
1595 864 1869 910 tribulatib-

1149 934 1258 967 nem
1279 936 1290 967 ε
1313 922 1632 968 immissibnes
1661 936 1751 980 per
1781 923 1868 968 An-

1145 983 1279 1039 gelos
1300 982 1468 1027 malos».

1205 1041 1348 1087 Viam
1383 1041 1492 1086 feeit
1527 1040 1729 1087 semitae
1765 1043 1866 1088 irae

1145 1116 1273 1154 suae,
1301 1115 1398 1147 non
1422 1100 1631 1159 pepercit
1652 1115 1686 1145 a
1705 1111 1864 1147 morte

1145 1161 1398 1207 animabus
1429 1160 1633 1206 ebrum:
1658 1158 1687 1183 ⁴*
1707 1168 1757 1205 et
1785 1162 1863 1219 J‘u-

1146 1221 1309 1267 menta
1327 1219 1522 1267 ebrum
1510 1232 1561 1265 111
1575 1227 1732 1265 morte
1747 1234 1865 1266 eon·-

1144 1279 1299 1327 clfisit.

1208 1342 1270 1385 Et
1311 1338 1541 1398 percfissit
1581 1352 1728 1385 omne
1764 1341 1863 1398 pri-

1145 1400 1442 1483 mogenitum
1473 1401 1522 1444 in
1552 1407 1678 1445 terra
1708 1400 1865 1459 AEgy-

1145 1461 1233 1518 pti:
1253 1458 1529 1517 *primitias
1549 1460 1707 1506 omnis
1726 1461 1865 1506 labb—

1143 1521 1209 1565 ris
1248 1520 1414 1565 ebrum
1449 1520 1501 1564 in
1540 1518 1864 1566 tabernaculis

1148 1579 1316 1624 Cham.

1205 1639 1268 1683 Et
1288 1638 1485 1684 abstulit
1503 1639 1625 1684 sicut
1641 1651 1760 1684 oves
1776 1638 1864 1698 pb-

1144 1699 1313 1757 pulum
1334 1712 1506 1744 suum:
1522 1696 1612 1744 *et
1633 1700 1861 1757 perdfixit

1143 1772 1230 1803 eos
1241 1767 1488 1817 tamquam
1501 1770 1698 1815 gregem
1714 1759 1768 1804 in
1780 1761 1863 1805 do-

1144 1818 1286 1864 serto.

1206 1878 1270 1922 Et
1290 1876 1488 1923 dedfixit
1508 1856 1592 1922 eos
1612 1876 1664 1921 in
1682 1890 1787 1935 spe.
1813 1885 1861 1924 et

1144 1948 1243 1982 non
1269 1937 1565 1983 timuerunt:
1587 1935 1614 1959 ⁴*
1634 1945 1685 1981 et
1705 1938 1863 1982 inimi-

1144 2009 1228 2041 cos
1249 1996 1414 2042 ebrum
1435 1996 1621 2054 operuit
1646 2010 1798 2043 mare.

1206 2055 1268 2100 Et
1282 2055 1467 2101 indtixit
1482 2067 1565 2100 eos
1578 2057 1626 2099 in
1642 2064 1861 2103 montem

1144 2113 1533 2161 sandkifieatibnis
1545 2128 1674 2168 suae,
1681 2114 1712 2138 *
1724 2129 1863 2161 mon-

1145 2183 1255 2225 tem.
1295 2187 1457 2231 quem.
1482 2174 1735 2231 aequisivit
1780 2176 1863 2222 dd—

1146 2241 1278 2279 xtera
1298 2234 1414 2290 ejus.

1205 2294 1268 2337 Et
1303 2293 1440 2350 ejecit
1470 2306 1502 2338 a
1532 2291 1655 2338 facie
1693 2294 1859 2340 ebrum

1146 2353 1325 2398 Gentes
1361 2365 1372 2397 ε
1405 2350 1434 2376 ⁴*
1462 2360 1510 2398 et
1542 2360 1672 2397 sorte
1700 2355 1860 2400 divisit

1143 2412 1212 2458 eis
1240 2420 1416 2458 terram
1442 2413 1491 2457 in
1520 2411 1735 2458 funiculo
1767 2414 1861 2460 dis·

1145 2472 1430 2518 tributibnis.

1207 2532 1270 2576 Et
1305 2530 1519 2577 habitare
1551 2531 1664 2577 fecit
1700 2532 1754 2577 in
1790 2540 1860 2578 ta—

1144 2590 1413 2694 llaernaculis
1447 2590 1615 2637 ebrum
1646 2590 1676 2615 ⁴*
1707 2593 1859 2638 tribus

1173 2652 1307 2696 srael.

1206 2710 1270 2755 Et
1284 2709 1596 2760 tentaverunt,
1610 2719 1659 2755 et
1672 2720 1857 2755 ωηατ·

1146 2769 1376 2814 haveram
1391 2770 1548 2813 Deum
1562 2770 1822 2815 excelsumz
1834 2768 1865 2794 *-

1144 2837 1194 2873 et
1216 2828 1486 2874 testimbnia
1515 2829 1619 2885 ejus
1650 2840 1752 2874 non
1780 2841 1863 2874 cu—

1146 2887 1428 2933 stodienmt.

1915 1988 1919 2027 Ι
