2050 3392
543 283 839 339 Orationes
851 288 990 354 post
1013 282 1271 337 Missam.

132 419 189 465 Si
229 416 499 465 extenderis
534 430 745 470 manum,
788 418 855 464 sa·

200 478 379 524 cienda
417 478 739 536 promittimus
761 491 773 522 :
814 478 853 523 si

195 538 503 596 suspenderis
510 537 738 596 gladium,
747 550 854 595 pro-

200 598 351 643 missa
372 611 470 644 non
491 596 732 643 solvimus.

135 658 191 704 Si
214 658 370 709 ferias,
395 657 659 702 clamomus
674 665 727 702 ut
749 670 855 714 par-

199 731 286 762 cas
302 731 312 761 ε
330 717 369 761 si
386 716 660 775 peperceris.
684 716 854 762 iterum

199 777 522 835 provocAmus
543 784 596 821 ut
618 776 771 821 ferias.

68 841 69 846 ’
139 837 329 888 HabeS,
370 836 588 887 Domine,
628 834 855 881 confiten-

203 903 278 941 tes
300 908 438 940 reos:
471 895 691 941 novimus
721 895 856 952 quod

203 954 296 1000 nisi
332 954 557 1007 dimittas,
600 953 729 1000 tetste
765 967 853 1001 nos

206 1014 430 1074 porimaS.

141 1076 345 1121 Pmesta
380 1074 518 1119 Pater
554 1072 860 1132 omnipotens

203 1133 308 1179 sine
344 1132 513 1178 merito
547 1134 681 1191 quod
718 1133 856 1191 roga-

206 1206 329 1244 mus,
352 1192 435 1249 qui
456 1192 606 1239 fecisti
627 1206 686 1238 ex
706 1192 856 1237 nihilo

207 1252 292 1309 qui
343 1258 391 1296 te
438 1251 671 1309 rogatent.
768 1252 856 1296 Per

208 1311 453 1357 Christum
486 1311 749 1357 Dominum
771 1324 855 1357 no-

205 1378 372 1416 strum.
436 1370 606 1417 Amen.

214 1430 277 1490 Xs.
301 1431 507 1489 Gregem
526 1438 676 1483 tuum,
688 1431 856 1476 Pastor

141 1488 350 1543 aeterne,
372 1503 470 1535 non
503 1489 708 1536 deseras.
778 1496 852 1554 R7,

141 1550 242 1595 Sed
276 1563 361 1607 per
395 1548 564 1595 beatos
595 1548 855 1606 Apostolos

142 1617 256 1655 tuos
307 1607 540 1666 perpetua
580 1608 855 1653 defensione

144 1667 408 1715 custodias,

209 1727 275 1787 V.
302 1726 516 1784 Protege,
547 1727 668 1779 Dfle,
706 1726 860 1785 popu-

144 1787 248 1832 lum
265 1792 403 1831 tuum
419 1787 483 1831 ad
497 1794 544 1831 te
557 1786 855 1839 clamantem,

146 1854 196 1892 et
209 1844 552 1903 Apostolorum
567 1844 760 1890 tuorum
777 1859 860 1904 pa-

147 1905 354 1952 trocinio
381 1904 714 1950 confidentem.
756 1909 858 2012 IX

151 1962 389 2022 Perpetua
404 1962 678 2010 defensione
700 1971 805 2011 cust

151 2025 271 2070 dias.

212 2082 272 2129 V.
299 2074 447 2130 Orate
468 2097 557 2141 pro
578 2084 728 2137 nobis,
751 2097 858 2130 san·

88 2130 93 2211 '3
148 2128 221 2188 ω’
245 2142 465 2200 Αρόςιοιῑ
500 2143 605 2189 Dei.
673 2146 748 2205 κγ.
787 2144 857 2189 Ut

90 2228 93 2237 ·
150 2202 282 2259 digni
303 2201 566 2248 efficiAmur
584 2202 858 2262 promissio·

92 2294 103 2541 l

92 2260 93 2277 ¹
151 2262 293 2307 nibus
312 2260 501 2308 Christi.

421 2358 601 2403 Oratio.

302 2440 610 2492 RAESTA,
692 2453 863 2486 uaesu-

324 2513 432 2545 mus
549 2513 662 2546 omn
684 2508 856 2558 potens

155 2561 297 2615 Deus,
322 2567 377 2607 ut
398 2559 540 2607 nullis
563 2573 652 2607 nos
670 2558 864 2620 permit-

1410 289 1639 344 cccxliii.

927 426 1001 465 tas
1015 417 1446 476 perturbationibus
1460 420 1637 468 concu-

927 480 976 530 ti.
1035 494 1159 538 quos
1217 481 1267 527 in
1327 481 1637 540 Apostolicae

928 539 1239 586 confessionis
1254 549 1390 599 petra
1405 541 1633 588 solidasti.

932 598 1019 644 Per
1040 599 1302 645 Dominum
1325 609 1558 647 nostrum.

1041 659 1379 711 MPLORET,
1434 660 1637 706 clemen-

1066 718 1247 764 tissime
1301 719 1421 771 Diie,
1466 721 1638 767 nostris

930 777 1252 835 opportunam
1278 779 1639 825 necessitatibus

930 850 1074 894 opem
1103 838 1273 884 devote
1302 852 1334 883 a
1364 840 1499 884 nobis
1530 853 1639 897 pro-

931 895 1030 942 lata
1044 896 1305 949 meditatio,
1325 911 1422 955 qua
1443 898 1638 944 sano'tus

931 955 1047 1001 olim
1089 956 1305 1025 Joannes
1356 957 1639 1015 Chrysosto-

930 1028 1052 1066 mus,
1086 1028 1137 1060 ln
1166 1015 1259 1060 hac
1289 1015 1493 1063 Basilica
1528 1016 1639 1062 con-

931 1074 1073 1125 ditus,
1116 1082 1164 1120 te
1205 1088 1316 1119 cum
1355 1074 1639 1120 beatissimis

930 1133 1177 1191 Apostolis
1220 1134 1360 1179 Petro
1400 1141 1446 1179 et
1490 1134 1639 1179 Paulo

930 1192 1298 1250 repraesentant
1369 1193 1436 1238 sic
1496 1193 1641 1239 collo—

930 1251 1159 1310 quentem
1176 1264 1185 1296 :
1202 1251 1506 1298 Circumdate
1514 1252 1640 1298 hanc

931 1325 1107 1357 novam
1132 1311 1261 1362 Sion,
1288 1319 1335 1356 et
1364 1312 1639 1357 circumval-

930 1371 1027 1417 late
1062 1383 1199 1416 eam:
1237 1370 1330 1417 hoc
1363 1379 1445 1423 est,
1483 1379 1641 1417 custo-

931 1430 1043 1482 dite,
1082 1428 1279 1482 munite,
1317 1430 1536 1489 precibus
1566 1430 1641 1476 fir-

930 1491 1090 1536 mate:
1132 1497 1186 1535 ut
1227 1491 1423 1548 quando
1465 1490 1638 1537 irascor

931 1550 980 1594 in
994 1549 1222 1607 tempore,
1237 1557 1284 1595 et
1293 1550 1470 1596 Orbem
1489 1557 1641 1595 terrae

932 1608 1167 1660 concutio,
1211 1608 1446 1666 aspiciens
1487 1608 1643 1667 sepul-

929 1669 1097 1714 chrum
1139 1676 1345 1714 vestrum
1394 1682 1641 1727 nunquam

932 1728 1209 1780 desiturum,
1235 1736 1282 1774 et
1331 1742 1421 1774 uae
1444 1728 1642 1775 libenter

931 1795 1126 1845 propter
1157 1801 1233 1833 me
1263 1802 1297 1846 g
1349 1788 1424 1833 'tis
1451 1788 1644 1846 stigma-

932 1854 994 1898 ta,
1035 1848 1153 1893 iram
1185 1847 1509 1893 misericordia
1544 1849 1643 1893 vin-

934 1920 1054 1958 cam,
1083 1915 1129 1952 et
1151 1908 1214 1952 ob
1236 1907 1361 1952 hanc
1382 1906 1641 1966 percipiam

931 1974 1137 2011 vestram
1147 1966 1544 2012 intercessionem.
1561 1966 1645 2012 Et-

932 2026 1060 2071 enim
1088 2027 1285 2083 quando
1314 2025 1644 2071 Sacerdotium

932 2093 979 2130 et
1005 2085 1226 2142 Regnum
1247 2085 1388 2130 video
1414 2085 1645 2143 lacryma-

930 2144 982 2194 ri,
1006 2145 1168 2189 statim
1189 2145 1326 2202 quasi
1347 2145 1645 2202 compatiens

932 2203 995 2248 ad
1048 2203 1512 2248 commiserationem
1565 2203 1647 2247 fie-

933 2261 1052 2313 o'tor,
1086 2270 1135 2307 et
1175 2260 1301 2307 illius
1341 2275 1477 2307 meae
1517 2262 1647 2308 vocis

932 2321 1211 2368 reminiscor
1233 2335 1243 2366 :
1275 2320 1528 2377 Protegam
1553 2320 1646 2365 Ur-

931 2382 1045 2426 bem
1086 2380 1211 2425 hanc
1251 2387 1447 2437 propter
1489 2379 1646 2425 David

933 2453 1121 2485 servum
1167 2452 1342 2490 meum,
1391 2444 1438 2483 et
1484 2438 1646 2484 Aaron

932 2498 1158 2543 sanotum
1179 2499 1357 2543 meum.
1421 2496 1638 2551 Domine,

933 2556 1031 2610 fiat,
1059 2557 1143 2603 fiat
1166 2571 1178 2604 :
1209 2558 1377 2611 Amen,
1405 2556 1576 2604 Amen.
