2050 3392
514 243 808 298 Orationes
830 248 960 296 ante
981 242 1062 296 M
1057 243 1248 299 issam.

136 381 292 428 Panis
335 379 511 432 sanete,
556 380 695 436 panis
735 379 849 432 vive,

131 441 284 499 panis
303 441 492 493 munde,
508 441 591 497 qui
607 440 854 484 descendi-

135 500 201 545 sti
242 501 307 545 de
336 500 484 551 coelo,
511 508 558 543 et
589 499 677 544 das
708 499 854 545 vitam

134 559 344 611 mundo,
366 560 471 604 veni
492 559 542 603 in
561 573 644 604 cor
673 572 849 612 meum,

136 626 187 663 et
223 620 407 663 munda
434 631 511 662 me
536 619 600 663 ab
624 618 758 663 omni
788 619 855 662 in-

136 676 458 735 quinamento
488 677 654 728 carnis,
682 684 730 722 et
762 676 855 733 spi-

136 737 278 781 ritus.
373 736 503 781 Intra
547 737 594 780 in
644 736 855 782 animam

137 808 320 847 meam,
348 808 476 847 sana.
503 804 551 840 et
575 797 758 842 munda
778 809 857 840 me

139 853 357 906 interius,
384 861 429 899 et
451 854 667 901 exterius.
735 855 856 899 Esto

141 914 379 966 tutamen,
405 920 451 958 et
481 914 709 959 continua
728 914 858 959 salus

139 972 351 1026 animae,
387 979 434 1018 et
483 973 694 1031 cerporis
743 973 851 1018 mei.

142 1031 344 1089 Repelle
384 1046 415 1077 a
452 1046 531 1077 me
578 1032 856 1078 insidiantes

137 1092 263 1136 mihi
284 1092 447 1136 hostes
470 1106 480 1135 z
501 1093 725 1138 recedant
746 1106 857 1151 pro-

130 1151 225 1195 cul
246 1164 278 1195 a
314 1150 581 1207 praesentia
613 1153 857 1209 potentiae

139 1217 272 1261 tuae,
303 1217 355 1254 ut
387 1209 511 1260 foris,
537 1217 586 1255 et
615 1211 742 1256 intus
772 1225 857 1269 per

141 1275 193 1312 te
209 1267 434 1319 munitus,
450 1268 580 1314 reeio
593 1270 779 1315 tramite
792 1272 854 1316 ad

143 1334 286 1372 tuum
318 1340 515 1384 regnum
544 1327 815 1385 perveniam
844 1343 855 1375 ε

142 1386 231 1431 ubi
260 1399 359 1431 non
387 1387 435 1431 in
464 1387 706 1445 mysteriis,
734 1390 856 1434 sicut

141 1446 195 1491 in
216 1445 313 1491 hoc
333 1445 546 1504 tempore
574 1447 743 1503 agitur,
769 1449 855 1492 sed

141 1505 267 1551 facie
302 1507 366 1551 ad
403 1505 571 1551 faciem
602 1514 649 1551 te
680 1506 857 1551 videbi-

142 1570 267 1616 mus,
275 1578 386 1609 cum
395 1565 642 1610 tradideris
654 1578 856 1623 regnum

144 1625 270 1675 Deo,
298 1631 346 1669 et
371 1624 510 1675 Patri,
537 1631 584 1668 et
611 1624 704 1669 eris
725 1626 856 1671 Deus

140 1684 313 1730 emnia
342 1683 390 1729 in
414 1683 650 1730 emnibus.
715 1684 856 1731 Tunc

144 1744 274 1788 enim
305 1757 384 1788 me
404 1744 468 1788 de
487 1750 535 1788 te
563 1743 761 1789 satiabis
782 1758 856 1789 sa-

145 1802 312 1848 tietate
341 1802 554 1854 mirifica,
581 1803 650 1848 ita
677 1810 730 1849 ut
768 1818 856 1849 nec

142 1860 368 1913 esni-iam,
395 1874 486 1906 nec
510 1862 669 1907 sitiam
698 1864 748 1908 in
780 1877 857 1909 ae-

147 1920 335 1970 ternum
373 1935 383 1965 ε
415 1921 510 1976 Qui
541 1935 654 1966 cum
682 1922 854 1968 eedem

149 1979 257 2023 Deo
276 1979 427 2031 Patre,
435 1988 482 2025 et
495 1980 675 2036 SpIritu
687 1980 856 2026 saneto

149 2039 278 2090 vivis,
305 2046 351 2082 et
382 2052 552 2096 regnas
581 2052 666 2096 per
695 2039 858 2086 emnia

148 2097 338 2142 saecula
349 2098 608 2143 saecularii.
664 2098 831 2145 Amen.

280 2260 442 2306 ALIA
472 2259 727 2307 ORATIO

318 2322 427 2365 ante
448 2315 662 2367 Missam.

314 2389 362 2433 D
375 2403 586 2436 mensam
594 2391 855 2437 dulcissimi

328 2449 530 2494 convivii
546 2451 628 2502 tui,
650 2452 728 2508 pie
747 2452 856 2496 Dsse

145 2506 264 2571 Jesu
296 2507 496 2561 Christe,
521 2522 612 2566 ego
632 2510 857 2567 peccator

151 2568 214 2611 de
264 2566 467 2624 prepriis
515 2568 690 2614 meritis
740 2568 857 2614 nihil

150 2624 471 2682 praestimenS.
484 2628 569 2672 sed
577 2628 639 2673 de
648 2635 729 2673 tua
741 2641 857 2674 con-

149 2684 307 2729 sidens
337 2685 667 2737 misericerdia,
694 2695 742 2732 et
771 2689 857 2733 bo-

150 2742 302 2789 nitate
339 2743 563 2790 accedere
593 2745 768 2799 vereor,
808 2756 856 2793 et

150 2806 480 2853 contremisco.
542 2806 669 2851 Nam
699 2823 784 2855 cor
809 2816 858 2854 et

151 2878 324 2926 corpus
346 2866 502 2912 habeo
523 2865 683 2913 multis
703 2869 858 2913 crimi-

1347 251 1371 296 .”
1403 259 1661 301 cccxxxv.

923 382 1063 427 nibus
1084 381 1385 434 maculatum,
1401 389 1625 433 mentem,

922 447 969 484 et
1009 440 1222 497 linguam
1254 453 1351 486 non
1382 448 1523 485 caute
1552 455 1633 486 cu-

923 499 1168 545 stoditam.
1267 500 1409 556 Ergo.
1469 514 1500 545 o
1551 501 1633 557 pia

924 558 1105 609 Deitas.
1137 573 1168 604 o
1205 560 1452 606 tremenda
1488 560 1632 618 maje-

924 624 1036 669 stas,
1063 631 1156 675 ego
1177 619 1319 663 miser
1339 620 1460 664 inter
1481 619 1632 676 anga-

923 676 1037 721 stias
1088 677 1421 734 deprehensus.
1468 681 1532 724 ad
1585 687 1633 725 te

921 733 1107 780 sontem
1119 737 1464 783 misericordiae
1476 738 1633 783 recar-

922 807 991 846 ro,
1017 795 1084 841 ad
1105 802 1152 840 te
1170 796 1345 842 festino
1369 796 1625 851 sanandus,

924 855 1015 899 sub
1036 862 1169 900 tuam
1189 855 1534 912 protetffianem
1559 856 1632 902 fn'a-
1651 907 1652 910 Ἴ

920 914 1004 970 ¹gio
1028 928 1039 959 z
1067 921 1115 958 et
1135 927 1280 971 quern
1295 914 1507 972 jadicem
1528 929 1630 961 sus-

924 972 1073 1018 tinere
1105 973 1304 1030 neqoeo.
1346 974 1630 1020 salvaterem

922 1030 1099 1076 habere
1118 1032 1320 1090 suspiro.
1384 1034 1508 1086 Tibi,
1532 1034 1630 1080 De-

923 1091 1065 1143 mine,
1072 1092 1238 1149 plagas
1251 1105 1382 1137 meas
1398 1094 1628 1140 ostendo:

923 1150 1007 1194 tibi
1029 1150 1360 1196 verecumdiam
1375 1165 1532 1197 meam
1550 1153 1632 1198 de-

925 1217 1051 1267 tego.
1117 1210 1230 1255 Scio
1274 1211 1473 1267 peccata
1521 1226 1631 1258 mea

921 1270 1088 1320 multa,
1114 1277 1162 1314 et
1193 1282 1382 1326 magna,
1408 1283 1498 1326 pro
1528 1272 1632 1328 qui-

921 1328 1012 1375 bus
1034 1328 1194 1374 timeo.
1258 1328 1473 1386 Sperovin
1494 1331 1632 1375 mise-

920 1386 1147 1434 ricerdias
1168 1395 1288 1439 tuas,
1309 1402 1511 1445 quarum
1532 1402 1632 1435 non

920 1454 993 1493 est
1006 1446 1247 1492 mimeruS.
1305 1447 1505 1506 Respice
1515 1462 1632 1505 ergo

921 1507 971 1551 in
998 1521 1076 1552 rne
1102 1506 1253 1552 &culis
1284 1506 1631 1552 misericerdiae

923 1572 1046 1617 tuae,
1062 1565 1171 1610 Dfie
1179 1565 1296 1627 Jesu
1311 1565 1511 1617 Christe,
1527 1566 1631 1611 Rex

920 1624 1123 1677 aeterne,
1143 1624 1275 1668 Deus
1286 1632 1333 1669 et
1350 1624 1513 1677 homo,
1528 1639 1631 1670 cru-

922 1683 1091 1728 cifixus
1134 1691 1329 1742 propter
1368 1683 1625 1741 heminenn

923 1742 1110 1789 Εκάυᾰί
1127 1757 1204 1788 me
1220 1743 1486 1801 sperantem
1500 1744 1546 1789 in
1565 1752 1631 1791 te:

921 1803 1141 1848 miserere
1161 1803 1254 1847 mei
1275 1803 1400 1861 pleni
1431 1803 1634 1849 miseriis

922 1869 969 1906 et
999 1862 1224 1918 peccatis.
1252 1869 1306 1906 tu
1335 1862 1418 1920 qui
1449 1862 1632 1908 fontem

920 1920 1235 1966 miseratienis
1265 1934 1508 1978 nunquam
1532 1935 1634 1966 ma-

922 1979 1037 2024 nate
1051 1980 1271 2025 cessabis.
1336 1981 1487 2034 Salve,
1507 1981 1633 2026 salu-

923 2038 1037 2083 taris
1076 2039 1281 2090 vietima,
1317 2053 1406 2097 pro
1446 2053 1536 2092 me,
1583 2047 1631 2086 et

922 2098 1055 2142 omni
1104 2097 1317 2144 humano
1357 2098 1531 2156 genere
1581 2099 1630 2144 in

922 2157 1477 2214 patibulocrucisoblata.
1533 2159 1634 2203 Sal-

923 2229 978 2260 ve
1009 2215 1182 2262 nebilis
1210 2223 1258 2261 et
1289 2217 1492 2273 pretiese
1512 2218 1633 2261 San·

920 2275 1030 2332 guis
1049 2276 1112 2321 de
1131 2275 1401 2320 vulneribus
1419 2275 1631 2320 crucifixi

924 2333 1118 2380 Damini
1160 2334 1252 2378 mei
1295 2334 1415 2396 Jesu
1454 2334 1631 2381 Christi

922 2393 1176 2450 prefluens,
1197 2401 1245 2437 et
1264 2393 1465 2450 peccata
1485 2393 1632 2439 totius

922 2452 1091 2496 mundi
1110 2452 1323 2498 abluens.
1392 2451 1632 2497 Recorda-

921 2523 985 2561 re,
1001 2509 1222 2561 Damine.
1236 2509 1479 2555 creatiirae
1500 2518 1626 2563 tuae.

920 2582 1071 2627 quam
1101 2576 1187 2615 tuo
1216 2569 1460 2625 Sanguine
1498 2570 1633 2614 rede-

921 2628 1066 2673 misti.
1134 2628 1351 2673 Poenitet
1402 2641 1479 2672 me
1521 2642 1634 2686 pec-

921 2687 1219 2745 casse‚ct'1pio
1230 2686 1483 2733 emendare
1497 2687 1634 2745 quod

921 2748 1024 2793 feci.
1089 2748 1238 2792 Aufer
1255 2759 1371 2803 ergo
1390 2758 1422 2790 a
1437 2759 1526 2798 me.
1539 2746 1634 2790 cle·-

922 2806 1213 2852 mentissime
1265 2805 1417 2856 Pater,
1460 2816 1633 2852 omnes

922 2866 1195 2924 iniquitates
1208 2872 1261 2912 et
1275 2863 1475 2926 peccata
1494 2878 1630 2912 mea:
