2050 3392
406 378 482 436 R?-
529 381 746 439 Tempus
787 388 859 426 est
899 387 955 425 ut
989 393 1061 424 re-

351 443 519 503 vertar„
543 442 608 486 ad
647 455 772 493 eum,
812 440 893 498 qui
929 438 1061 483 misit

353 517 430 547 me
459 516 469 547 z
498 503 525 520 π
571 500 674 546 Vos
714 507 876 544 autern
920 499 1061 543 bene-

354 562 497 607 dicite
538 560 709 609 Deum,
757 567 805 604 et
846 557 1062 603 enarffite

352 621 516 667 omnia
556 618 790 663 mirabilia
831 619 945 674 ejus.

357 678 660 726 Confitemini
676 678 717 721 ei
733 690 893 721 coram
910 675 1062 721 omni-

352 740 442 784 bus
483 737 760 788 viventibus,
803 736 916 792 quia
950 735 1061 779 fecit

354 797 599 843 vobiscum
689 793 1061 840 misericordiam
1129 818 1131 830 r

353 856 669 903 suam—Vos
716 862 880 900 autem
921 854 1062 898 bene-

355 917 509 962 dicite.
559 912 731 961 Gloria
759 914 901 959 Patri.
960 914 1061 957 Vos

355 984 517 1022 autem
539 975 818 1020 benedlcite.

410 1033 482 1093 R7.
508 1032 585 1080 vii.
618 1031 970 1079 Tribulationes
998 1032 1063 1077 ci-

356 1096 558 1141 vitetum
609 1094 886 1144 audivimus,
944 1105 1064 1150 quas

355 1168 527 1213 passae
549 1161 671 1205 sunt,
700 1162 747 1198 et
769 1153 1029 1198 defecimus
1052 1165 1061 1195 :

356 1215 499 1259 timor
529 1220 577 1257 et
609 1212 850 1257 hebetudo
891 1212 1065 1256 mentis

355 1273 526 1318 cecidit
555 1285 695 1329 super
725 1285 826 1321 nos,
854 1278 901 1316 et
924 1284 1066 1327 super

354 1332 530 1377 liberos
543 1339 732 1375 nostros
748 1331 861 1387 :ipsi
878 1338 1066 1375 montes

355 1393 523 1436 nolunt
545 1390 754 1448 recipere
784 1389 950 1446 fugam
981 1403 1067 1433 no-

357 1458 504 1496 stram
519 1443 564 1495 :⁴¹⁴
583 1449 805 1501 Domine,
826 1448 1061 1494 miserere.

406 1542 414 1552 .
451 1508 757 1554 Peccavimus
789 1522 900 1552 cum
921 1508 1067 1565 patri-

390 1582 446 1613 us
464 1568 652 1620 nostriS,
674 1566 846 1625 injuste
863 1567 1063 1624 egimus,

357 1626 659 1685 iniquitatem
692 1627 1069 1673 fecimus-Do-

359 1689 501 1735 mine.

416 1749 489 1809 R7.
527 1747 619 1795 viii.
664 1749 776 1794 Duo
818 1747 1068 1806 Seraphim

359 1807 631 1854 clamabant
682 1809 801 1853 alter
850 1808 913 1852 ad
954 1807 1069 1852 alte-

357 1883 466 1913 rum
494 1869 551 1914 ιθ
587 1867 806 1920 Sanetus,
843 1865 1061 1917 Sanetus,

360 1928 568 1974 Sanetus
642 1927 877 1974 Dominus
936 1926 1068 1970 Deus

360 1988 576 2034 Sabaoth
593 1986 637 2033 t*
658 1989 806 2033 Plena
826 1995 896 2032 est
912 1985 1069 2030 omnis

361 2056 486 2094 terra
513 2047 665 2106 gloria
695 2049 810 2106 ejus.
856 2042 917 2103 V.
948 2045 1069 2090 Tres

361 2116 472 2153 sunt
493 2108 574 2165 qui
598 2106 920 2152 testimonium
953 2105 1069 2149 dant

361 2168 409 2212 in
427 2167 576 2218 coelo,
602 2167 753 2218 Pater,
775 2166 1002 2217 Verbum,
1021 2172 1070 2208 et

362 2227 567 2285 Spiritus
588 2225 806 2271 sanetus:
837 2234 884 2270 et
905 2225 953 2269 hi
976 2232 1071 2270 tres

362 2300 513 2331 unum
526 2293 648 2331 sunt.
656 2284 937 2337 —Sane’tus,
952 2285 1071 2330 San-

362 2345 484 2390 etus.
530 2344 698 2391 Gloria
724 2345 864 2391 Patri.
924 2344 1071 2390 Plena

363 2413 436 2451 est
457 2405 626 2451 omnis.

425 2482 553 2527 Infra
568 2479 958 2531 Hebdomadam‚
984 2478 1071 2525 Fe·

362 2542 431 2586 ria
452 2543 509 2587 iv.
537 2550 584 2586 et
615 2541 829 2585 Sabbato
858 2547 967 2597 post
1001 2554 1072 2584 se-

362 2602 569 2646 cundam
592 2608 639 2645 et
672 2601 860 2645 tertiam
883 2598 1074 2643 Letstio-

363 2673 470 2703 nem
512 2661 684 2704 dicitur
718 2660 982 2705 secundum
1027 2667 1075 2702 et

364 2719 552 2761 tertium
579 2720 953 2775 Responsorium
981 2718 1076 2775 pri-

363 2776 429 2818 mi
454 2776 690 2823 Nocturni
713 2778 1008 2824 Dominicae.

358 247 458 313 184
567 245 736 315 Infra
762 243 939 299 Hebd.
969 242 1197 296 tertiam
1224 240 1579 311 Septembris

1191 401 1392 446 FERIA
1424 399 1776 445 SECUNDA.

1263 479 1338 523 De
1352 477 1476 522 libro
1490 475 1695 522 Tobiae.

1209 546 1377 598 Ledtio
1398 548 1429 597 i.
1558 554 1673 612 cap.
1703 554 1751 598 ii.

983 605 1051 670 77·
1137 628 1510 688 fija-*³031*
1550 629 1673 674 haec
1709 642 1851 680 vero,

1145 685 1159 762 f
1223 673 1359 782 ''5“
1390 703 1498 733 cum
1516 697 1642 733 esset
1661 689 1767 733 dies
1786 688 1857 732 fe·

1379 748 1855 866 {3333ss

1128 868 1261 912 dium
1280 868 1464 911 bonum
1493 867 1542 911 in
1572 868 1723 912 domo
1745 867 1854 911 To-

1126 927 1249 978 biae,
1277 927 1395 972 dixit
1416 927 1516 972 silio
1538 940 1628 971 suo
1652 941 1662 971 :
1686 926 1846 977 Vade,

1126 994 1173 1031 et
1205 987 1363 1031 adduc
1398 986 1587 1044 aliquos
1625 987 1686 1031 de
1719 987 1853 1031 tribu

1127 1054 1302 1097 nostra,
1330 1045 1551 1090 timentes
1585 1046 1760 1096 Deum,
1800 1052 1854 1089 ut

1128 1106 1376 1163 epulentur
1396 1106 1667 1151 nobiscum.
1698 1106 1853 1150 Cum-

1129 1179 1223 1223 que
1244 1165 1451 1217 abilsset,
1479 1165 1692 1210 reversus
1725 1178 1853 1209 nun-

1132 1224 1263 1270 tiavit
1272 1225 1329 1277 ei,
1343 1238 1494 1269 unum
1504 1239 1562 1269 ex
1571 1225 1682 1269 fssiis
1700 1224 1853 1269 Israel

1126 1284 1400 1342 jugulatum
1417 1284 1575 1342 jacere
1590 1285 1640 1329 in
1661 1284 1842 1342 platea.

1132 1344 1397 1402 Statimque
1415 1344 1611 1388 exiliens
1628 1345 1690 1388 de
1706 1341 1851 1388 aceti-

1131 1404 1235 1448 bitu
1264 1417 1366 1455 suo,
1400 1404 1674 1460 relinquens
1705 1403 1852 1460 prim·

1132 1464 1277 1514 dium,
1308 1462 1503 1520 jejunus
1534 1461 1749 1520 pervenit
1786 1464 1851 1507 ad

1133 1536 1305 1580 corpus
1331 1533 1341 1564 :
1390 1521 1659 1579 tollensque
1710 1522 1844 1573 illud,

1133 1581 1339 1639 portavit
1375 1582 1440 1626 ad
1477 1583 1680 1626 domum
1711 1595 1850 1626 suam

1134 1641 1330 1692 occulte,
1358 1648 1426 1693 ut,
1455 1641 1573 1685 dum
1602 1642 1675 1685 sol
1707 1655 1850 1687 occu·

1134 1702 1329 1754 buisset.
1338 1710 1478 1747 caute
1488 1701 1709 1759 sepeliret
1719 1716 1845 1746 eum.

1188 1756 1262 1818 Εἴ.
1297 1761 1429 1814 Peto,
1458 1760 1683 1807 Domine.
1709 1763 1811 1807 181.

1362 1839 1539 1896 Lctftio
1554 1841 1598 1891 ii.

1297 1922 1675 1967 RGUEBANT
1690 1930 1850 1968 autem

1323 1996 1434 2027 eum
1455 1995 1625 2027 omnes
1646 1982 1849 2040 proximi

1135 2041 1248 2098 eJus,
1291 2041 1531 2087 dicentes:
1556 2042 1672 2105 Jam
1710 2041 1851 2100 hujus

1135 2101 1199 2144 rei
1220 2114 1367 2146 causa
1383 2100 1582 2146 interfici
1600 2103 1761 2160 jussus
1782 2116 1842 2153 es,

1135 2168 1183 2204 et
1199 2160 1276 2204 vix
1292 2160 1498 2218 effugisti
1512 2162 1683 2207 mortis
1704 2162 1852 2220 impe-

1135 2220 1271 2271 rium,
1286 2228 1335 2266 et
1351 2221 1521 2265 lterum
1538 2221 1710 2279 sepelis
1726 2220 1849 2266 mor·

1136 2280 1266 2325 tuos?
1274 2280 1370 2326 Sed
1377 2280 1557 2325 Tobias
1566 2282 1675 2339 plus
1684 2281 1851 2326 timens

1139 2341 1308 2392 Deum,
1332 2354 1475 2397 quam
1498 2353 1675 2397 regem,
1703 2341 1853 2399 rapie-

1136 2401 1222 2444 bat
1254 2399 1456 2456 corpora
1488 2400 1770 2452 occisorum,
1804 2408 1850 2445 et

1138 2459 1411 2504 occultabat
1432 2459 1480 2504 in
1513 2461 1662 2504 domo
1684 2473 1783 2511 sua.
1803 2468 1850 2505 et

1138 2519 1307 2564 mediis
1339 2519 1560 2564 noetibus
1592 2519 1852 2577 sepeliebat

1139 2592 1209 2624 ea.
1262 2578 1478 2635 Contigit
1490 2586 1652 2624 autem
1666 2587 1718 2623 ut
1735 2592 1853 2637 qua-

1140 2639 1254 2682 dam
1276 2638 1354 2682 die
1386 2638 1613 2696 fatigatus
1634 2653 1667 2683 a
1696 2639 1854 2696 sepul·

1142 2696 1261 2749 tura,
1282 2697 1477 2742 veniens
1493 2698 1541 2742 in
1558 2699 1759 2742 domum
1774 2712 1854 2745 su-

1141 2770 1235 2807 am,
1246 2756 1475 2813 jaetasset
1490 2771 1540 2802 se
1547 2757 1687 2813 juxta
1698 2756 1854 2814 parte*

1144 2824 1254 2867 tem,
1280 2823 1327 2860 et
1355 2816 1690 2868 obdormIsset‚
1716 2824 1765 2861 et
1792 2832 1852 2866 ex

1142 2876 1257 2921 nido
1274 2873 1581 2928 hirundinum
1595 2875 1850 2926 dormienti
