2050 3392
336 241 404 294 68

330 371 525 428 quando
559 369 761 422 veniam.
802 379 848 416 et
884 383 1035 428 appa-

330 430 444 475 rebo
464 438 575 475 ante
593 430 763 475 faciem
786 430 905 475 Dei?

390 489 597 534 Fuerunt
637 490 752 534 mihi
798 489 1035 547 lacrymae

330 562 464 594 meae
484 563 631 606 panes
652 550 731 593 die
751 562 808 593 ac
828 548 986 593 noete:
1005 547 1034 572 ὓ

330 609 447 652 dum
469 608 640 653 dicitur
656 608 770 652 mihi
787 607 1028 664 quotidie:

334 668 432 711 Ubi
454 676 525 712 est
549 668 679 712 Deus
701 671 839 712 tuus?

393 727 528 772 Haec
548 725 821 771 recordatus
842 739 961 778 sum,
987 734 1036 771 et

330 785 475 830 effudi
506 786 555 829 in
586 799 663 830 me
699 785 909 830 animam
940 799 1037 830 me-

330 858 411 889 am
448 858 458 889 :
496 843 524 868 ὕ
559 845 786 902 queniam
826 844 1036 889 transibo

331 904 381 948 in
401 904 558 949 locum
580 903 865 949 tabernaculi
887 905 1039 948 admi-

330 963 502 1016 rabilis,
541 977 694 1020 usque
732 965 797 1009 ad
838 965 1038 1008 domum

332 1023 437 1068 Dei.

393 1083 449 1126 In
489 1096 606 1128 voce
645 1082 947 1128 exultatidnis
988 1089 1036 1127 et

330 1142 658 1188 confessidnis:
690 1141 718 1166 ὕ
748 1156 893 1188 sonus
924 1155 1039 1200 epu-

331 1201 485 1246 lamis.

392 1261 552 1316 Quare
593 1261 735 1306 tristis
776 1274 839 1312 es,
878 1260 1040 1305 anima

333 1321 469 1365 mea?
499 1318 526 1343 ⁴*
547 1328 593 1365 et
615 1333 762 1377 quare
783 1319 1038 1365 conturbas

333 1381 437 1424 me?

392 1440 542 1495 Spera
575 1439 624 1483 in
659 1439 777 1491 Deo,
812 1437 1040 1496 qudniam

332 1498 491 1543 adhuc
504 1497 765 1542 confitebor
777 1498 858 1543 illi:
877 1497 904 1521 ⁴*
917 1499 1042 1542 salu-

333 1557 433 1602 tare
473 1557 629 1601 vultus
669 1557 776 1609 mei,
817 1564 864 1601 et
908 1557 1040 1602 Deus

332 1630 480 1661 meus.

392 1676 471 1722 Ad
494 1674 729 1734 meipsum
748 1674 911 1722 anima
930 1689 1039 1721 mea

334 1736 617 1781 conturbata
637 1745 726 1782 est:
745 1735 772 1760 ⁴*
788 1736 1041 1794 propterea

335 1809 518 1841 memor
562 1810 644 1841 ero
694 1797 763 1841 tui
806 1798 867 1841 de
918 1804 1042 1841 terra

326 1855 565 1917 JordAnis,
601 1864 646 1900 et
681 1855 980 1901 Hermdniim
1009 1870 1042 1901 a

334 1922 499 1959 monte
519 1914 723 1960 mddicO.

392 1975 607 2032 Abyssus
647 1975 874 2032 abyssum
910 1974 1041 2019 invo-

334 2040 425 2085 cat,
449 2032 477 2057 ὕ
498 2034 548 2078 in
561 2047 679 2079 voce
694 2033 1040 2079 catara6tarum

336 2092 540 2139 matum.

393 2154 570 2199 Omnia
618 2153 802 2198 excelsa
851 2160 947 2205 tua,
994 2160 1040 2198 et

332 2212 506 2258 fluetus
519 2213 586 2257 tui
604 2211 631 2235 ⁴*
646 2226 789 2271 super
799 2226 877 2257 me
892 2220 1043 2258 trans-

333 2272 499 2318 ierunt.

398 2333 454 2376 In
489 2332 567 2377 die
600 2331 844 2376 mandatvit
874 2329 1042 2376 1)όωί-

334 2405 424 2436 nus
445 2391 813 2437 misericerdiam
834 2404 989 2436 suam:
1013 2389 1041 2414 ⁴*

334 2458 382 2496 et
403 2450 545 2495 noete
565 2450 802 2495 canticum
823 2452 940 2509 ejus.

393 2511 539 2569 Apud
571 2524 647 2554 me
669 2509 823 2555 oratio
848 2510 953 2555 Deo
975 2510 1042 2555 vi-

335 2578 413 2616 tae
453 2584 600 2622 meae,
642 2568 670 2593 ὕ
710 2570 868 2614 dicam
905 2570 1040 2615 Deo:

336 2629 591 2687 Susceptor
610 2642 744 2674 meus
765 2642 829 2674 es.

396 2689 554 2744 Quare
575 2689 749 2734 oblitus
769 2702 819 2733 es
841 2689 932 2734 mei
948 2688 975 2713 *
995 2696 1043 2734 et

336 2762 483 2806 quase
514 2747 819 2793 contristatus
854 2749 1036 2801 incedo,

336 2810 453 2853 dum
486 2807 649 2864 affligit
682 2820 760 2851 me
794 2807 1009 2854 inimicus
1025 2810 1047 2853 Ρ

397 2868 527 2912 Dum
548 2865 907 2924 confringuntur
935 2881 1046 2915 ossa

609 249 783 302 Ferz‘a
808 248 976 301 tertia
1000 247 1086 300 ad
1102 247 1476 303 Matutz‘num.

1102 385 1221 424 mea,
1251 370 1278 395 ⁴*
1299 372 1705 429 exprobraverunt
1729 376 1823 421 mi-

1102 431 1163 483 hi,
1183 431 1268 500 qui
1290 431 1516 478 tribulant
1538 447 1616 478 me
1637 434 1824 480 inimici

1104 504 1210 534 mei.

1164 550 1293 593 Dum
1306 549 1473 596 dicunt
1489 551 1608 596 mihi
1625 566 1713 610 per
1725 552 1825 598 sin-

1102 609 1240 666 gulos
1272 610 1409 654 dies:
1447 610 1547 655 Ubi
1579 619 1651 656 est
1685 612 1825 658 Deus

1104 669 1250 714 tuus?
1289 667 1317 691 ⁴*
1358 682 1507 726 quare
1558 671 1708 716 tristis
1748 686 1819 725 es,

1103 727 1265 772 anima
1295 741 1414 779 mea,
1441 736 1491 774 et
1522 742 1674 787 quare
1706 745 1825 777 eon·

1104 785 1267 832 turbas
1288 801 1366 832 me
1380 788 1402 832 Ρ

1164 846 1314 903 Spera
1348 847 1398 891 in
1434 847 1557 900 Deo,
1588 848 1825 906 qudniam

1105 905 1264 950 adhuc
1295 906 1559 952 confitebor
1589 909 1674 953 illi:
1699 907 1728 932 ⁴*
1749 923 1828 955 sa-

1104 963 1255 1009 lutare
1285 965 1443 1011 vultus
1474 967 1583 1020 mei,
1610 975 1658 1013 et
1688 968 1826 1014 Deus

1107 1037 1255 1070 meus.

1166 1084 1286 1131 Asia.
1305 1084 1448 1136 Sana,
1464 1084 1586 1137 Dfie,
1606 1085 1824 1133 Animam

1107 1156 1276 1197 meam,
1337 1144 1418 1189 uia
1437 1144 1632 1203 peccavi
1655 1146 1758 1192 tibi.

1166 1204 1314 1261 Antip
1334 1216 1460 1249 ..ona.
1483 1203 1751 1253 Erudtavit.

1289 1296 1505 1345 psalmus
1525 1297 1637 1346 xliii.

1261 1382 1406 1434 EUS,
1429 1381 1626 1430 auribus
1646 1386 1828 1433 nostris

1290 1443 1560 1488 audivimus
1582 1457 1593 1488 ε
1612 1443 1640 1468 ⁴*
1660 1453 1828 1502 patres

1108 1500 1256 1603 &ostri
1296 1502 1696 1550 annuntiaverunt
1740 1519 1829 1551 no-

1141 1573 1194 1604 is.

1168 1619 1317 1676 Opus.
1353 1622 1485 1678 quod
1515 1620 1746 1680 operatus
1774 1637 1828 1670 es

1110 1679 1158 1724 in
1194 1679 1363 1726 diebus
1398 1680 1578 1735 ebrum,
1622 1680 1651 1706 ὓ
1686 1690 1736 1729 et
1772 1684 1825 1729 in

1108 1739 1278 1784 diebus
1299 1740 1520 1797 antiquis.

1170 1798 1348 1844 Manus
1360 1806 1443 1845 tua
1450 1800 1630 1847 Gentes
1643 1801 1828 1861 disper-

1110 1857 1246 1911 didit,
1288 1865 1336 1904 et
1377 1858 1603 1916 plantasti
1640 1874 1760 1907 eos:
1795 1861 1826 1886 ⁴*

1109 1917 1316 1962 afflixisti
1346 1918 1564 1976 pepulos‚
1593 1927 1643 1965 et
1672 1934 1825 1979 expu-

1109 1977 1200 2021 listi
1222 1991 1318 2023 eos.

1170 2036 1276 2082 Nec
1300 2037 1424 2082 enim
1456 2037 1506 2082 in
1536 2036 1702 2095 gladio
1733 2052 1825 2085 suo

1110 2096 1427 2153 possederunt·
1467 2104 1654 2149 terram,
1705 2096 1734 2121 ’ὓ
1774 2108 1824 2145 et

1108 2154 1354 2202 brachium
1392 2154 1558 2201 ebrum
1596 2170 1697 2202 non
1734 2159 1828 2204 sal-

1109 2213 1233 2259 vavit
1255 2228 1337 2260 eos
1364 2229 1375 2259 :

1169 2274 1263 2319 Sed
1291 2273 1486 2319 dextera
1514 2281 1611 2328 tua,
1638 2283 1687 2320 et
1717 2276 1829 2323 bra·

1111 2333 1268 2378 chium
1294 2341 1442 2385 tuum,
1469 2341 1515 2378 et
1539 2334 1828 2383 illuminatio

1112 2392 1267 2437 vultus
1285 2393 1380 2437 tui:
1400 2392 1427 2416 ⁴*
1443 2392 1674 2450 qudniam
1691 2409 1828 2441 eom-

1111 2452 1330 2509 placuisti
1353 2452 1400 2496 in
1420 2453 1501 2497 eis.

1170 2511 1248 2556 Tu
1269 2525 1320 2556 es
1342 2512 1442 2569 ipse
1475 2512 1575 2556 Rex
1606 2526 1749 2561 meus
1779 2523 1827 2561 et

1113 2570 1245 2615 Deus
1267 2584 1400 2616 meus
1429 2585 1439 2616 :
1463 2569 1490 2594 ⁴*
1511 2571 1593 2628 qui
1618 2576 1828 2622 mandas

1112 2628 1288 2675 salutes
1302 2630 1471 2692 Jacob.

1174 2690 1232 2734 In
1276 2698 1324 2734 te
1374 2687 1589 2735 inimicos
1631 2702 1830 2741 nostros

1113 2748 1444 2794 ventilabimus
1466 2762 1628 2802 cornu,
1657 2750 1687 2775 ⁴*
1708 2761 1758 2799 et
1781 2755 1831 2800 in

1114 2808 1306 2862 nemine
1336 2817 1421 2854 tuo
1452 2809 1737 2867 spernemus
1759 2815 1833 2860 in·

1112 2867 1358 2927 surgentes
1378 2868 1427 2913 in
1447 2868 1597 2914 nobis.
