2050 3392
521 258 686 311 Feria
713 260 882 311 tertia
906 260 988 312 ad
1004 261 1378 314 Matutinum.

191 382 411 427 Animam
450 393 614 432 meam,
643 379 670 403 ⁴*
690 389 744 426 ut
773 380 903 426 aufe-

193 449 301 485 rant
325 453 450 484 eam.

252 497 605 545 Convertamur
624 499 893 551 retrdrsum,

191 568 239 604 et
259 558 574 610 revereantur,
596 558 623 581 '¹‘
640 560 723 617 qui
736 560 898 604 volunt

191 619 308 663 mihi
333 617 477 662 mala.

253 678 433 722 Ferant
455 676 700 722 confestim
736 678 901 722 confu-

195 737 384 783 sidnem
406 750 552 788 suam,
582 734 608 759 ὕ
630 738 713 794 qui
734 738 899 782 dicunt

194 796 312 841 mihi
340 809 350 839 :
378 795 523 850 Euge.
552 809 686 853 euge.

255 853 500 905 Exultent,
556 862 603 898 et
669 853 901 900 laetentur

194 927 338 972 super
361 922 408 958 te
429 927 591 958 omnes
623 915 901 971 quaerentes

196 979 244 1018 te
271 987 282 1017 :
316 972 346 995 ⁴*
393 979 439 1016 et
481 973 638 1017 dicant
681 987 899 1031 semper:

197 1030 539 1088 Magnificetur
589 1031 728 1077 Diius
756 1047 767 1077 t
818 1033 899 1090 qui

195 1092 408 1148 diligunt
427 1090 630 1135 salutare
653 1099 801 1136 tuum.

255 1150 372 1207 Ego
429 1158 588 1194 autem
661 1151 905 1197 mendIcus

195 1223 319 1260 sum,
340 1216 391 1253 et
411 1223 607 1267 pauper:
626 1208 653 1233 ’θ
668 1209 904 1255 Βόῐῐιίῐιυε

195 1268 429 1314 sollicitus
442 1277 510 1313 est
525 1271 631 1314 mei.

255 1325 469 1385 Adjutor
506 1342 653 1380 meus,
681 1336 727 1373 et
749 1329 905 1386 prote-

197 1387 305 1432 ‹Stor
349 1401 481 1432 meus
511 1396 562 1433 tu
593 1402 645 1433 es
673 1403 683 1432 :
714 1386 741 1411 ⁴*
773 1389 905 1434 Deus

199 1461 354 1499 meus,
383 1459 441 1491 ne
461 1446 729 1492 tardaVeris.

271 1503 402 1549 Afia.
418 1506 485 1550 Ut
507 1519 605 1550 non
628 1505 903 1565 delinquam

198 1566 249 1610 in
269 1565 436 1621 lingua
448 1579 567 1610 moe.

269 1621 566 1681 Antiphona.
587 1623 730 1671 Sana,

415 1719 630 1765 Psalmus
650 1717 713 1767 xl.

348 1803 581 1856 EATUS,
621 1804 703 1861 qui
738 1804 906 1850 intelli-

295 1921 302 1922 ἶ
374 1865 442 1921 git
462 1878 606 1921 super
625 1863 828 1921 egenum
859 1871 906 1908 et

197 1920 460 1981 pauperem
489 1939 499 1969 :
522 1922 550 1946 ὕ
571 1924 621 1967 in
661 1923 739 1968 die
781 1923 908 1967 mala

197 1982 419 2027 liberabit
439 1996 549 2027 eum
574 1982 825 2027 deinus.
854 1990 857 1993 ’

257 2042 497 2087 Πόῐηὶῐιιιε
514 2041 760 2087 conse'rvet
775 2055 899 2092 eum,

197 2109 246 2146 et
267 2100 466 2145 vivificet
488 2115 618 2154 eum,
642 2109 688 2144 et
710 2100 905 2145 beatum

197 2160 347 2204 faciat
359 2174 467 2204 eum
485 2161 535 2204 in
552 2169 694 2204 terra:
705 2157 732 2181 ⁴*
747 2168 793 2203 et
808 2173 905 2203 non

200 2221 361 2265 tradat
381 2233 491 2263 eum
515 2220 564 2263 in
586 2219 800 2264 animam
821 2218 907 2263 in'i-

196 2280 433 2325 micdrum
454 2280 573 2337 ejus.

257 2337 497 2384 deinus
528 2351 672 2395 opem
704 2337 821 2382 serat
843 2337 905 2381 illi

198 2412 343 2455 super
357 2397 535 2442 ledtum
551 2396 729 2442 doldris
741 2397 859 2454 ejus:
880 2394 905 2418 ⁴*

198 2456 467 2502 universum
478 2465 681 2501 stratum
700 2457 740 2513 ej
747 2469 801 2500 us
810 2469 907 2500 ver-

198 2516 312 2562 sasti
328 2517 376 2561 in
398 2515 677 2561 infirmitate
697 2516 813 2572 ejus.

255 2577 364 2632 Ego
385 2575 504 2620 dixi:
521 2575 744 2625 deine,
771 2575 907 2619 mise-

200 2634 297 2680 rere
332 2636 422 2679 mei
443 2650 453 2680 :
476 2633 505 2657 ⁴*
542 2647 663 2678 sana
696 2632 904 2678 animam

201 2708 367 2745 moesn.
387 2694 502 2751 quia
523 2691 720 2751 peccavi
743 2692 841 2737 tibi.

259 2752 443 2798 Inimici
460 2752 553 2797 mei
570 2752 793 2797 dixerunt
810 2766 905 2797 ma-

200 2812 246 2857 la
260 2811 425 2858 mihiz*
443 2812 644 2869 quando
661 2811 899 2865 morietur,

199 2878 245 2915 et
267 2872 436 2929 peribit
459 2884 640 2916 nomeu
655 2869 790 2927 ejus?

1608 255 1673 318 67

1033 383 1095 427 Et
1146 384 1185 428 si
1231 382 1585 440 ingrediebatur
1623 391 1676 428 ut

971 442 1162 494 videret,
1191 456 1312 486 vana
1333 442 1627 500 loquebatur,
1649 441 1676 465 ⁴*

970 514 1053 545 cor
1071 503 1173 559 eJus
1190 503 1493 558 congregavit
1509 502 1679 560 iniqui-

974 559 1120 604 tatem
1142 561 1245 605 sibi.

1032 619 1376 676 Egrediebatur
1405 620 1544 670 foras,
1572 618 1599 643 ⁴*
1629 629 1674 664 et

972 678 1257 736 loquebatur
1276 681 1324 724 in
1345 681 1568 737 idipsum.

1031 739 1294 784 Adversum
1346 754 1422 784 me
1468 737 1677 783 susurra-

971 797 1089 842 bant
1114 812 1279 843 omnes
1308 798 1481 843 inimici
1513 798 1625 842 mei:
1650 796 1677 819 ’ἓ

972 857 1222 902 adversum
1272 871 1349 902 me
1398 857 1675 914 cogitabant

971 917 1096 960 mala
1118 917 1246 961 mihi.

1029 974 1238 1019 Verbum
1259 975 1473 1033 iniquum
1505 976 1677 1020 consti-

972 1034 1163 1079 tuerunt
1214 1035 1463 1080 adve'rsum
1509 1049 1586 1079 me
1615 1033 1675 1078 z*

975 1093 1225 1150 Numquid
1254 1095 1334 1150 qui
1361 1094 1551 1145 dormit,
1579 1106 1676 1137 non

972 1152 1162 1210 adjiciet
1181 1162 1233 1197 ut
1255 1153 1497 1210 resurgat?

1032 1212 1221 1256 Etenim
1231 1212 1375 1256 homo
1385 1213 1517 1270 pacis
1526 1226 1673 1263 meae,

972 1271 1021 1315 in
1053 1284 1150 1328 quo
1178 1271 1360 1328 speravi
1382 1286 1392 1316 :
1415 1270 1443 1295 ³*
1465 1273 1546 1329 qui
1568 1273 1676 1316 ede'-

970 1330 1052 1375 bat
1085 1344 1232 1388 panes
1271 1344 1417 1383 meos,
1460 1330 1677 1387 magnifi-

970 1389 1093 1434 cavit
1128 1403 1268 1447 super
1297 1403 1374 1434 me
1401 1390 1677 1448 supplanta-

970 1448 1162 1494 tidnem.

1028 1509 1107 1552 Tu
1123 1516 1296 1560 autem,
1318 1509 1436 1561 Dfie,
1459 1508 1677 1552 miserere

971 1568 1077 1619 mei,
1104 1576 1152 1612 et
1188 1567 1415 1612 resuscita
1441 1581 1519 1612 me
1546 1582 1557 1612 :
1580 1566 1607 1590 ⁴*
1628 1576 1676 1611 et

969 1628 1224 1671 retribuam
1246 1627 1325 1671 eis.

1035 1687 1091 1731 In
1104 1687 1197 1731 hoc
1213 1684 1428 1742 cogndvi,
1449 1684 1676 1743 qudniam

972 1745 1161 1790 voluisti
1183 1759 1277 1789 me:
1295 1743 1321 1767 ⁴*
1339 1745 1567 1801 qudniam
1581 1758 1677 1789 non

971 1804 1201 1861 gaudebit
1216 1803 1433 1848 inimicus
1453 1817 1586 1848 meus
1601 1818 1678 1849 su-

973 1877 1059 1921 per
1079 1876 1170 1908 me.

1034 1924 1119 1967 Me
1138 1930 1298 1967 autem
1330 1931 1523 1981 propter
1544 1924 1677 1968 inno·

973 1982 1177 2028 centiam
1190 1983 1435 2040 suscepisti
1444 1998 1456 2027 ι
1466 1980 1492 2005 ⁴*
1500 1991 1548 2027 et
1564 1997 1676 2028 con-

972 2041 1167 2087 firmAsti
1209 2055 1286 2087 me
1327 2042 1376 2086 in
1416 2042 1674 2099 conspeetu

973 2109 1057 2145 tuo
1079 2102 1127 2145 in
1147 2102 1403 2146 aeternum.

1034 2160 1317 2205 Benedidtus
1437 2160 1675 2206 deinus

973 2219 1105 2264 Deus
1138 2220 1282 2264 Israel
1321 2233 1351 2264 a
1381 2221 1589 2271 saeculo,
1626 2230 1674 2265 et

968 2292 1122 2383 ngue
1143 2279 1191 2323 in
1212 2280 1453 2324 saeculum
1480 2293 1490 2324 ε
1514 2280 1541 2305 ⁴*
1572 2279 1666 2330 fiat,

1033 2346 1068 2385 t.

1177 2431 1392 2481 psalmus
1413 2433 1490 2481 xli.

1107 2515 1671 2561 UEMADMODUM

1134 2575 1369 2622 desiderat
1410 2588 1572 2620 cervus
1612 2576 1675 2619 ad

970 2633 1125 2679 fontes
1142 2635 1373 2691 aquarum
1396 2648 1406 2678 :
1430 2632 1456 2656 ³*
1474 2634 1540 2679 ita
1556 2633 1674 2678 desi-

971 2694 1103 2739 derat
1149 2694 1309 2739 anima
1351 2707 1459 2737 mea
1501 2693 1565 2736 ad
1609 2700 1667 2744 te.

972 2753 1117 2797 Deus.

1029 2811 1179 2856 Sitivit
1234 2811 1397 2856 Anima
1451 2824 1558 2855 mea
1611 2812 1675 2855 ad

970 2872 1130 2915 Deum
1171 2870 1352 2922 fortem,
1398 2869 1556 2915 vivum
1592 2884 1604 2916 :
1647 2868 1674 2892 ⁴*
