2050 3392
348 254 452 311 544

397 379 469 438 R7.
528 378 623 424 Iste
664 378 810 424 homo
860 375 1053 435 perso-cit

343 438 508 485 omnia
537 451 660 495 quae
695 436 882 482 locotus
908 445 980 482 est
1009 437 1051 481 ei

348 499 492 549 Deus.
514 506 561 543 et
583 498 698 542 dixit
719 496 782 541 ad
803 509 914 541 eum
939 510 949 540 :
977 496 1055 541 In-

345 558 540 617 gredere
553 558 600 601 in
614 556 821 613 requiem
832 568 986 600 meam
1003 552 1043 600 2*

346 618 474 673 Quia.
493 625 539 662 te
569 616 663 660 vidi
680 616 857 672 justum
890 628 1053 660 coram

347 690 425 722 me
457 689 515 720 ex
547 674 770 721 omnibus
809 674 1048 731 gentibuS.

341 731 401 790 ΣΤ.
440 735 534 779 Iste
553 741 624 779 est
655 734 737 791 qui
765 734 1053 792 contempsit

345 794 491 840 vitam
504 794 685 845 mundi,
702 800 750 839 et
763 793 972 852 pervenit
987 794 1053 839 ad

345 853 567 900 coelestia
600 866 758 912 regna.
775 852 972 908 —Quia
1006 860 1054 897 te

349 913 457 958 vidi.
488 910 659 958 Gloria
680 913 822 959 Patri.
857 913 984 967 Quia
1005 919 1053 958 te

347 972 458 1018 vidi.

403 1030 456 1076 In
481 1030 617 1076 tertio
649 1028 912 1080 Nooturno,
944 1028 1048 1075 Ho-

341 1091 472 1136 milia
542 1089 818 1136 venerabilis
890 1089 1049 1135 Bedae

346 1151 608 1209 Poesbyteri
632 1152 679 1195 in
704 1149 1013 1208 Evangelium
1038 1163 1047 1194 :

351 1210 514 1259 Nolite
530 1210 692 1259 timere
704 1209 904 1272 pusillus
919 1224 1047 1271 grex,

342 1271 403 1314 de
432 1269 686 1315 Communi
710 1268 925 1314 Confess.
951 1282 1049 1314 non

346 1330 517 1375 Pontis.
540 1329 749 1373 secundo
772 1329 892 1374 loco·
913 1332 1048 1377 xcvii.

402 1390 640 1446 Vesperae
704 1389 766 1433 de
836 1391 1050 1446 sequenti

344 1462 454 1494 cum
495 1450 960 1495 Commemoratione
996 1448 1044 1492 S.

347 1511 530 1554 Didaci.

346 1647 483 1719 'DIE
503 1670 607 1719 xv,
636 1669 1043 1720 NOVEMBRIS.

353 1751 406 1795 In
428 1750 548 1794 festo
570 1748 765 1794 sanotae
786 1747 1047 1800 Gertrudis,

454 1809 673 1866 Virginis.
741 1807 942 1866 Duplex.

404 1885 581 1932 Omnia
601 1886 661 1929 de
678 1884 932 1929 Communi
949 1884 1054 1928 Vir-

346 1946 524 2003 ginum.
535 1944 625 1988 ciii.
637 1952 823 2001 praeter
835 1952 1046 2003 sequent.

602 2025 781 2074 Oratio.

502 2101 648 2154 EUS,
691 2101 774 2160 qui
815 2102 863 2148 in
913 2103 1058 2158 corde

520 2161 1059 2208 bootaeGertrudisVir-

347 2220 486 2281 ginis,
508 2221 771 2282 jucnndam
808 2223 892 2267 tibi
925 2235 1059 2267 man-

350 2282 532 2329 sionem
566 2281 873 2341 praeparasti,
907 2281 1058 2341 ipsius

350 2343 527 2389 meritis
591 2351 639 2389 et
704 2341 1053 2394 intercessione,

349 2404 505 2449 cordis
541 2403 688 2448 nostri
725 2401 936 2447 moculas
966 2402 1059 2448 cle-

349 2463 529 2508 menter
540 2462 771 2519 abstorge.
784 2469 830 2507 et
843 2460 1056 2519 ejusdem

349 2523 502 2568 tribue
541 2521 749 2579 gaudere
795 2520 1051 2568 consortio.

354 2581 440 2627 Per
463 2581 724 2628 Dominum
746 2589 975 2627 nostrum.

410 2638 595 2686 Deinde
610 2635 662 2686 fit
678 2636 864 2688 Comm.
892 2635 939 2687 S.
970 2636 1056 2684 Di-

350 2702 616 2753 daci.A1'ta.
659 2699 754 2746 Hic
793 2699 860 2745 vir
897 2697 1057 2758 despi-

345 2758 475 2805 ciens
504 2759 754 2809 mundum,
773 2767 822 2804 et
853 2760 1050 2813 terrena,

345 2817 658 2874 triumphans,
696 2818 884 2864 divitias
919 2819 1057 2865 coelo

345 2875 561 2921 condidit
579 2888 677 2932 ore,
704 2891 865 2926 manu.

592 242 705 296 Die
729 256 800 310 15
822 242 992 310 Now,
1018 242 1081 297 S.
1112 240 1429 309 Gertmedtlv‚
1468 241 1622 311 Virg.

1166 371 1228 446 Χῖ.
1267 374 1461 445 Justum
1490 373 1690 421 dedt'ixit
1734 374 1844 480 [1355-

1118 435 1698 557 {zztssqffiffiffiffi
1720 465 1838 540 nei.

1168 548 1335 617 Oratio
1357 557 1408 595 ut
1431 562 1590 616 supra.
1628 566 1731 629 542.

1172 609 1419 655 Leohones
1441 622 1581 667 primi
1614 607 1835 653 hoo‘tur-

1111 670 1157 715 ni
1181 670 1240 715 de
1262 669 1505 726 Scriptura
1526 679 1826 722 occurrente.

1173 754 1227 800 In
1251 754 1461 800 secundo
1485 753 1761 802 Nooturno.

1339 829 1505 879 Leotio
1528 831 1585 878 iv,

1125 909 1333 1102 'Qfffs
1369 910 1536 1015 {1¹21}ss
1556 910 1666 1015 ἦέ)
1682 910 1843 1016 ἐξὲξ

1221 1037 1280 1090 ἐξ,
1325 1083 1329 1089 ¹
1371 1031 1451 1075 nia
1475 1029 1627 1076 nobili
1659 1030 1842 1088 gonere

1140 1087 1330 1133 *⁴3²4
1372 1089 1839 1148 nata.quinquonnis

1119 1152 1166 1196 in
1197 1150 1485 1196 monasterio
1509 1149 1836 1201 Rodardonsi.

1118 1210 1299 1257 ordinis
1354 1208 1507 1255 sanoti
1567 1209 1836 1261 Benedioti,

1118 1269 1435 1328 virginitatem
1470 1281 1628 1322 suam,
1670 1282 1727 1314 ac
1768 1282 1839 1313 se-

1120 1329 1275 1387 ipsam
1291 1329 1410 1392 Jesu
1426 1327 1624 1373 Christo
1640 1328 1832 1374 obtulit.

1119 1390 1232 1445 Quo
1254 1403 1313 1435 ex
1335 1388 1554 1445 tempore
1577 1402 1609 1433 a
1630 1388 1840 1433 munda-

1120 1450 1193 1493 nis
1207 1450 1348 1494 rebus
1359 1460 1558 1505 prorsus
1569 1447 1741 1499 aliena.
1749 1449 1841 1492 vir-

1120 1509 1305 1566 tutique
1326 1506 1493 1553 sedulo
1506 1506 1708 1560 intenta,
1728 1521 1840 1553 coe·

1119 1568 1249 1613 lestis
1279 1568 1402 1613 vitae
1427 1580 1583 1623 genus
1611 1567 1835 1612 instituit.

1119 1629 1198 1672 Ad
1259 1626 1599 1672 humaniorum
1662 1626 1841 1672 littero·

1119 1702 1225 1734 rum
1258 1686 1491 1740 notitiam,
1527 1700 1689 1734 rerum
1720 1687 1840 1734 divi-

1120 1747 1289 1794 norum
1314 1746 1640 1804 cognitionem
1667 1746 1840 1816 adjun-

1121 1808 1199 1852 xit.
1266 1807 1481 1862 Quarum
1523 1806 1841 1854 meditatione

1120 1867 1442 1913 vehementius
1497 1866 1564 1911 ad
1616 1865 1839 1912 virtutem

1120 1927 1325 1979 incensa.
1362 1925 1491 1970 brevi
1526 1925 1839 1971 christionam

1119 1985 1457 2044 perfeotionem
1515 1985 1699 2043 adopta
1747 1995 1833 2032 est.

1122 2045 1197 2091 De
1233 2045 1439 2097 Christo,
1475 2043 1678 2102 ejusque
1714 2044 1839 2091 vitae

1121 2103 1357 2164 mystoriis
1387 2103 1737 2161 saepenumero
1757 2105 1838 2162 pio

1122 2178 1232 2210 cum
1257 2163 1404 2209 Animi
1436 2176 1580 2209 sensu
1610 2163 1839 2222 loqueba-

1122 2232 1197 2270 tur
1219 2238 1229 2268 :
1253 2223 1493 2280 unomque
1516 2223 1608 2268 Dei
1634 2224 1837 2281 gloriam

1122 2283 1353 2341 cogitans.
1379 2283 1442 2326 ad
1464 2283 1593 2327 illam
1616 2292 1732 2329 vota
1752 2296 1838 2328 sua
1923 2329 1929 2336 ,

1121 2343 1298 2395 omnia,
1335 2349 1383 2388 et
1418 2341 1637 2388 actiones
1671 2343 1839 2388 resere-

1121 2404 1204 2447 bat
1227 2417 1237 2447 :
1260 2402 1491 2457 Quamvis
1519 2409 1685 2447 autem
1720 2402 1837 2446 mul-

1120 2463 1181 2508 tis
1193 2462 1377 2507 eximiis
1388 2459 1587 2506 naturae
1600 2470 1647 2507 et
1656 2462 1836 2519 gratiae

1121 2522 1261 2568 donis
1278 2536 1308 2567 a
1326 2521 1432 2566 Deo
1446 2521 1594 2566 aucta
1610 2529 1751 2573 esset.
1772 2522 1837 2568 ita

1121 2588 1281 2626 tamen
1312 2580 1399 2626 sibi
1428 2580 1534 2638 ipsa
1563 2580 1831 2633 vilescebat,

1120 2648 1173 2687 ut
1207 2642 1325 2686 inter
1359 2641 1619 2697 praecipua
1647 2641 1836 2686 divinae

1120 2699 1345 2746 bonitatis
1360 2699 1602 2750 miracula,
1614 2699 1709 2744 hoc
1724 2700 1836 2745 item

1120 2759 1417 2812 memoraret.
1454 2759 1591 2815 quod
1626 2772 1680 2804 se
1717 2759 1837 2804 indi·

1118 2818 1400 2877 gnissimam
1470 2817 1835 2864 misericorditer

1120 2877 1380 2924 sustineret.
