2050 3392
380 247 496 301 Die
518 247 589 302 26
613 250 781 318 Nou,
806 254 864 306 S.
888 255 1064 321 Petri,
1091 255 1277 324 Epzkc.
1303 256 1483 309 Mart.
1594 271 1692 326 573

201 380 409 438 virginis
432 395 579 429 causa
598 383 829 430 cercerem
852 386 919 431 in-

199 441 373 496 gressi,
412 451 459 486 et
492 441 702 498 ejusdem
735 447 918 502 praedi-

201 497 399 544 catiene
420 500 467 544 in
483 502 648 562 Jesum
679 503 916 549 Christum

202 559 471 610 credentes,
500 560 667 617 postea
693 565 918 621 martyrio

202 618 424 662 coronati
442 629 563 664 sunt.
615 621 805 666 Interim
828 624 918 668 Ca-

204 678 401 722 tharina
446 679 660 724 educitur
695 694 721 724 e
762 684 917 728 custe-

204 737 291 780 dia
331 750 341 780 :
402 745 448 781 et
509 747 614 782 rota
672 741 918 797 expeditur

203 796 385 841 crebris
430 804 477 841 et
513 797 663 842 acutis
707 800 917 856 praefixa

202 855 395 911 gladiis,
443 863 494 900 ut
525 857 717 914 virginis
745 872 916 917 corpus

203 914 535 959 crudelissime
570 917 909 963 dilaceraretur.

202 973 348 1026 Quae
389 974 609 1018 machina
649 976 788 1027 brevi,
826 977 915 1022 Ca-

202 1031 425 1076 tharinae
446 1033 659 1078 oratione
674 1036 916 1082 confraaa

200 1101 276 1134 est
304 1103 313 1134 :
346 1090 499 1148 eoque
521 1093 749 1138 miraculo
779 1096 911 1140 multi

202 1148 382 1194 Christi
415 1150 556 1195 fidem
590 1153 907 1210 susceperunt.

203 1207 318 1265 Ipse
351 1209 644 1255 Maximinus
674 1212 723 1255 in
752 1213 913 1270 impie-

200 1267 303 1312 tate
326 1278 372 1312 et
402 1269 677 1315 crudelitate
707 1272 912 1318 obstina-

199 1328 311 1375 tior,
336 1327 530 1372 Cathari
536 1342 644 1372 nam
656 1329 803 1375 securi
815 1332 911 1388 per·

200 1387 301 1430 cuti
321 1388 538 1444 imperat.
580 1388 717 1442 Quae
734 1390 912 1436 fortiter

200 1446 319 1490 dato
341 1445 513 1503 cepite,
532 1447 595 1491 ad
617 1449 908 1506 duplicatum

199 1505 485 1562 virginitatis
498 1514 542 1550 et
558 1509 764 1566 martyrii
779 1523 910 1566 prae-

197 1564 349 1608 mium
424 1564 637 1617 evolavit,
708 1568 910 1624 septimo

200 1623 455 1668 Kalendas
465 1624 739 1670 Decembris
756 1629 909 1684 :cujus

196 1696 376 1741 corpus
401 1683 465 1728 ab
494 1684 687 1742 Angelis
717 1686 765 1730 in
797 1687 907 1732 Sina

195 1741 407 1787 Arabiae
438 1753 601 1788 monte
637 1746 910 1791 mirabiliter

196 1801 489 1847 collocatum
512 1811 595 1848 est.

258 1857 331 1915 R7.
369 1861 639 1907 Afferentur
671 1863 789 1921 Regi
820 1865 908 1910 vir-

193 1921 332 1978 gines
356 1928 479 1997 post
510 1935 630 1972 eam,
666 1924 907 1979 proximae

195 1981 313 2038 eJus,
424 1979 693 2026 Afferentur
733 1983 817 2027 tibi
859 1984 904 2028 in

195 2039 380 2083 laetitia
399 2047 448 2084 et
473 2039 771 2086 exultatio'ne.
833 2035 900 2111 [V
975 2040 978 2044 ⁴

194 2098 369 2156 Specie
385 2106 481 2149 tua,
496 2109 542 2143 et
560 2100 906 2156 pulchritudine

194 2166 279 2203 tua
309 2156 517 2209 intende,
544 2158 768 2216 prospere
799 2174 905 2217 pro-

194 2218 325 2270 cede,
342 2224 389 2261 et
411 2230 570 2274 regna.
580 2218 905 2264 —Afferentur

193 2276 293 2321 tibi.
338 2272 504 2321 Gloria
519 2276 658 2322 Patri.
693 2278 903 2323 Afferen-

194 2344 272 2381 tur
295 2335 397 2381 tibi.

259 2392 312 2436 In
342 2391 480 2435 tertio
512 2389 778 2442 Noe‘turno,
803 2391 908 2435 Ho-

195 2453 324 2496 milia
348 2451 395 2496 S.
425 2451 640 2507 Gregorii
666 2451 824 2507 Papae
859 2451 908 2494 in

199 2513 326 2554 {ivan
332 2524 373 2566 g.
394 2510 560 2559 Simile
576 2512 675 2566 erit,
693 2511 752 2554 de
764 2510 908 2555 Com-

197 2573 323 2614 muni
337 2570 468 2625 Virg.
487 2569 643 2624 primo
660 2569 781 2612 loco.
796 2588 896 2618 cxv,

259 2631 310 2672 In
346 2629 566 2672 secundis
604 2627 822 2684 Vesperis
854 2627 909 2672 fit

196 2689 605 2732 commemoratio
664 2688 709 2730 S.
765 2687 901 2741 Petri,

197 2747 424 2804 Episcopi
447 2755 492 2790 et
517 2747 753 2803 Martyris.

985 412 1103 456 DIE
1128 413 1306 458 XXVI.
1337 415 1684 463 NOVEMBR.

1062 487 1107 530 S.
1140 485 1274 535 Petri,
1305 486 1529 545 Episcopi
1552 496 1597 534 et

1215 546 1457 605 Martyris.

1039 621 1161 668 Ana.
1178 624 1272 669 Iste
1280 625 1474 671 sanetus
1490 627 1689 686 prolege

983 681 1073 725 Dei
1111 683 1181 727 sui
1218 685 1408 731 certavit
1446 700 1596 744 usque
1622 689 1688 732 ad

981 751 1196 793 mortem,
1223 751 1267 788 et
1290 758 1320 788 a
1340 746 1492 790 verbis
1521 747 1688 804 impio-

980 813 1084 844 rum
1114 813 1209 844 non
1239 802 1428 848 timuit:
1457 805 1687 850 fundatus

978 859 1105 902 enim
1156 868 1256 904 erat
1307 875 1449 919 supra
1500 864 1685 909 firmam

980 926 1178 974 petram.

1038 974 1099 1031 JV.
1123 976 1285 1022 Gleria
1296 987 1341 1023 et
1360 978 1539 1026 honere
1552 995 1686 1026 coro-

977 1034 1238 1087 nestieum,
1262 1037 1480 1084 Domine.
1530 1038 1601 1083 RY.
1623 1042 1684 1086 Et

976 1095 1261 1141 constituisti
1282 1110 1389 1141 eum
1413 1111 1554 1155 super
1572 1099 1684 1157 ope-

976 1166 1030 1198 ra
1051 1154 1279 1200 menuum
1300 1155 1501 1202 tuerum.

1242 1228 1422 1276 Oratio.

1084 1302 1571 1350 NFIRMITATEM
1596 1320 1680 1352 no-

1111 1370 1255 1406 stram
1269 1364 1448 1420 respice
1463 1365 1682 1423 omnipo-

975 1426 1078 1464 tens
1100 1420 1232 1466 Deus
1259 1436 1269 1465 ;
1291 1431 1336 1466 et
1359 1423 1470 1479 quia
1492 1427 1681 1481 pondus

974 1478 1194 1536 prepriae
1245 1480 1446 1526 aetio'nis
1494 1493 1673 1540 gravat.

974 1537 1100 1582 beati
1155 1539 1275 1583 Petri
1338 1541 1561 1598 Martyris
1612 1543 1679 1587 tui

971 1604 1118 1652 atque
1143 1597 1381 1642 Pontificis
1412 1600 1681 1645 intercessio

971 1654 1178 1712 gloriosa
1200 1670 1287 1702 nos
1307 1656 1538 1716 pretegat.
1593 1659 1680 1704 Per

975 1715 1251 1761 Dominum.

1214 1791 1378 1838 Lectio
1396 1793 1455 1839 iii.

1085 1961 1200 2044 ,ἐμώ
1236 1991 1346 2039 post
1425 1984 1470 2028 Τ
1473 1983 1675 2029 heonam

1130 2042 1200 2067 ¹
1237 2042 1385 2086 virum
1437 2043 1676 2088 sanetissi-

968 2112 1117 2151 mum,
1143 2100 1406 2147 sanetitatis
1426 2111 1472 2147 et
1501 2102 1677 2147 doetri-

969 2171 1059 2203 nae
1102 2160 1351 2215 splendere
1386 2175 1483 2208 non
1520 2162 1674 2206 solum

970 2217 1213 2262 illustravit
1264 2219 1544 2278 AEgyptum,
1591 2222 1675 2265 sed

969 2277 1053 2320 toti
1106 2278 1220 2322 luxit
1274 2278 1511 2324 Ecclesiae
1565 2280 1668 2323 Dei.

967 2336 1062 2389 Qui
1092 2337 1138 2380 in
1178 2337 1498 2392 persecutiene
1520 2338 1674 2381 Maxi-

968 2394 1110 2439 miAni
1135 2395 1320 2447 Galerii,
1340 2396 1462 2440 illam
1490 2396 1674 2453 tempo-

966 2466 1070 2497 rum
1113 2455 1417 2499 acerbitatem
1462 2456 1528 2499 ita
1569 2455 1673 2511 per-

966 2513 1086 2563 tulit,
1112 2521 1163 2556 ut
1193 2514 1325 2557 multi
1348 2513 1671 2557 admirabilem

964 2571 1067 2624 ejus
1103 2572 1379 2627 patientiam
1420 2572 1666 2623 intuenteS,

966 2630 1220 2688 plurimum
1243 2630 1291 2673 in
1312 2630 1564 2675 christiana
1584 2631 1673 2674 vir-

967 2689 1066 2734 tute
1087 2688 1381 2746 proficerent.
1427 2690 1473 2734 ls
1494 2690 1673 2747 primus

964 2747 1134 2791 Arium
1175 2748 1431 2793 dieconum
1469 2749 1671 2793 Alexan-

966 2807 1171 2859 drinum,
1226 2816 1420 2865 propter
1467 2808 1671 2853 schisma

968 2865 1292 2919 MeletiAnum,
1319 2867 1394 2911 cui
1415 2867 1617 2918 favebat,
1643 2881 1673 2911 a
