2050 3392
537 288 593 340 S
588 286 785 340 abbata
807 286 890 340 ad
904 286 1280 341 ldatutinum.

231 410 326 465 Qui
339 407 534 467 respicit
547 416 737 461 terram,
757 415 804 453 et
818 408 887 454 sa·

173 469 234 514 cit
254 483 361 514 eam
382 469 605 514 tremere:
628 466 656 491 ⁴*
677 468 759 525 qui
785 475 887 513 tan-

173 529 240 586 git
261 536 467 580 montes,
495 536 543 572 et
564 527 815 584 fumigant.

231 588 459 633 Cantabo
483 587 698 633 Domino
719 587 768 631 in
791 587 886 631 vita

176 660 305 692 mae:
331 647 360 671 ὖ
393 647 606 706 psallam
639 646 745 691 Deo
775 660 885 691 meo

175 706 400 764 qudrndiu
424 720 553 752 sum.

219 766 506 829 Juct'mdum
516 765 577 810 sit
591 765 635 809 ei
642 763 885 822 eloquium

170 838 324 871 meum
347 823 407 872 ι’
429 838 528 882 ego
548 838 660 869 vero
680 823 887 870 delenita·

170 884 254 929 bor
273 886 321 929 in
343 885 582 931 Domina

219 944 458 990 Deficiant
469 942 747 1002 pecoetores
756 956 788 987 a
795 950 884 987 ter·

168 1016 230 1055 ra,
244 1013 291 1049 et
304 1004 459 1061 iniqui
475 1005 545 1047 ita
558 1010 611 1047 ut
624 1016 721 1047 non
735 1003 846 1049 sint:
857 1001 885 1026 ⁴*

167 1063 366 1109 benedic
384 1062 558 1109 Anima
571 1076 686 1120 „mea
708 1061 836 1109 Duo,

361 1162 588 1212 Psalmus
612 1163 697 1209 civ.

310 1243 720 1292 ONFITEMIN
727 1244 748 1288 1
787 1242 887 1291 Do-

341 1305 499 1356 mino,
558 1311 607 1348 et
668 1304 886 1349 invocate

168 1375 382 1469 nemeae
369 1365 483 1467 ej{1s
512 1361 575 1468 τό*
607 1364 886 1433 annuntiate

169 1435 215 1466 m
235 1437 286 1467 er
382 1437 418 1468 n
440 1436 498 1468 es
616 1436 668 1467 ra
688 1437 714 1467 e
732 1437 805 1469 us.

223 1483 435 1529 Cantate
447 1483 509 1534 ei,
525 1436 773 1540 etpgsallijte
785 1482 847 1527 ei:
858 1480 885 1506 ⁴*

168 1542 352 1598 narrate
416 1542 590 1589 omnia
647 1542 886 1588 mirabilia

165 1613 193 1645 e
209 1615 276 1647 us.

188 1616 205 1658 J
225 1660 523 1708 Laudainini
584 1660 633 1708 in
691 1660 887 1708 nomine

169 1721 332 1768 saneto
353 1723 463 1781 ejus
494 1736 505 1767 :
529 1720 778 1767 *laetetur
803 1735 888 1767 cor

171 1783 504 1838 quaerentium
527 1780 805 1828 Dominum.

228 1841 463 1896 Quaerite
513 1840 789 1893 Dominum,
838 1848 885 1886 et

174 1900 527 1946 continnamini
557 1913 569 1944 :
610 1898 638 1923 ⁴*
674 1901 887 1957 quaerite

174 1959 339 2005 ficiem
361 1961 472 2018 eJus
496 1972 695 2016 semper.

231 2018 540 2065 Mementote
602 2018 886 2063 mirabilium

171 2078 281 2135 eJus,
304 2093 438 2136 quae
458 2077 571 2122 fecit
589 2091 600 2123 ε
621 2076 649 2101 ⁴*
669 2078 890 2136 prodigia

123 2148 126 2165 ‘¹
172 2137 279 2195 ejus,
306 2147 356 2183 et
372 2137 565 2196 Judicia
585 2137 679 2182 oris
699 2140 815 2196 ejus,

226 2198 404 2242 Semen
457 2196 720 2249 Abraham,
769 2197 887 2242 servi

173 2255 268 2324 ejus
295 2270 306 2302 :
330 2256 359 2280 ⁴*
406 2256 497 2302 fssii
521 2256 693 2320 Jacob,
750 2255 887 2302 electi

171 2328 281 2373 ejus.

229 2375 339 2433 Ipse
371 2375 621 2422 Dominus
651 2374 785 2421 Deus
805 2387 889 2420 no-

174 2439 263 2478 ster
283 2449 294 2481 2
317 2434 347 2460 ⁵
368 2436 420 2480 in
442 2433 802 2480 universatem
816 2434 890 2492 ju-

176 2492 296 2539 dicia
313 2495 439 2553 ejus.

232 2553 430 2599 Memor
460 2552 554 2597 fuit
578 2551 627 2596 in
649 2553 888 2598 saeculum

179 2613 449 2658 testamenti
467 2610 595 2657 δαὶς*
605 2612 743 2664 verbi,
759 2614 889 2669 quod

178 2673 424 2775 mgndavit
457 2671 508 2716 in
541 2669 671 2715 mille
699 2684 891 2727 genera·

179 2730 210 2773 ti
243 2745 327 2776 nes
350 2746 361 2777 ;

233 2789 384 2844 Quod
407 2787 654 2847 disposuit
668 2788 729 2832 ad
744 2788 889 2834 Abra-

177 2845 337 2949 llnam?
358 2857 410 2894 et
435 2845 698 2906 juramenti
730 2848 801 2892 sui
828 2850 890 2894 ad

205 2921 312 2953 saac
335 2922 346 2954 :

1566 299 1662 354 123

1008 409 1073 454 Et
1093 408 1259 456 statuit
1286 408 1404 454 illud
1454 409 1578 454 acob
1606 409 1657 455 in

949 468 1288 526 praeceptum:
1312 466 1340 491 ⁴*
1360 476 1407 513 et
1456 468 1576 514 srael
1605 468 1658 515 in

950 529 1284 573 testamentum
1306 527 1551 574 aeternum
1570 541 1583 574 t

1011 588 1186 633 Dicens
1202 603 1211 633 ε
1227 589 1311 632 tibi
1333 588 1464 633 dabo
1484 595 1658 634 terram

951 646 1233 700 chanaam*
1254 647 1518 693 funiculum
1547 647 1660 694 hae-

949 706 1162 754 reditatis
1183 716 1378 753 vestrae.

1012 767 1136 812 Cum
1159 775 1314 812 essent
1336 766 1532 813 numero
1551 768 1658 814 bre-

951 825 1046 878 vi,*
1067 826 1340 885 paucissimi
1383 835 1431 872 et
1472 827 1659 873 incolae

948 899 1052 944 ejus
1074 900 1085 931 t

1012 946 1075 990 Et
1089 945 1455 1003 pertransierunt
1472 946 1532 991 de
1543 958 1658 1003 gen-

951 1011 1001 1049 te
1020 1005 1070 1050 in
1090 1014 1292 1061 gentem,
1313 1004 1341 1029 ⁴*
1361 1013 1408 1050 et
1428 1007 1490 1050 de
1509 1018 1658 1063 regno

950 1064 1015 1109 ad
1037 1064 1269 1122 populum
1290 1063 1505 1110 alterum.

1014 1124 1131 1169 Non
1177 1124 1365 1181 reliquit
1415 1124 1660 1169 hominem

952 1183 1126 1229 nocere
1156 1183 1223 1228 eis
1250 1197 1261 1229 :
1296 1181 1324 1206 ⁴*
1354 1191 1401 1229 et
1431 1182 1659 1243 corripuit

952 1257 1040 1301 pro
1062 1257 1129 1289 eis
1150 1256 1298 1301 reges,

1015 1301 1180 1348 Nolite
1220 1303 1416 1360 ningere
1454 1303 1658 1350 christos

951 1376 1104 1408 meos:
1119 1361 1146 1386 *
1160 1371 1207 1408 et
1221 1364 1268 1407 in
1283 1363 1526 1421 prophetis
1539 1364 1659 1409 meis

950 1423 1096 1468 nolite
1115 1422 1380 1479 malignati.

1010 1483 1073 1527 Et
1103 1481 1288 1527 vocavit
1314 1482 1488 1527 samem
1517 1494 1660 1540 super

951 1549 1125 1587 terram
1153 1556 1164 1587 ε
1195 1540 1224 1565 ⁴*
1253 1549 1301 1586 et
1331 1555 1474 1586 omne
1502 1541 1659 1586 firma-

947 1601 1166 1647 mentum
1186 1601 1324 1659 panis
1346 1600 1580 1646 contrivit.

1014 1662 1148 1706 Misit
1177 1668 1290 1705 ante
1317 1673 1400 1705 eos
1420 1660 1600 1705 virum:
1630 1655 1659 1683 ⁴*

950 1721 1001 1765 in
1032 1733 1218 1766 servum
1243 1718 1559 1764 venumdatus
1587 1725 1660 1765 est

945 1780 1146 1844 Joseph.

1017 1836 1400 1884 Humiliaverunt
1441 1837 1489 1882 in
1529 1850 1661 1883 com-

952 1899 1156 1957 pedibus
1177 1899 1323 1956 pedes
1343 1898 1456 1955 ejtis,
1482 1897 1658 1944 serrum

944 1958 1216 2016 'pertransiit
1258 1958 1466 2003 Animam
1507 1956 1658 2017 ejus,*

952 2019 1108 2064 donec
1128 2016 1302 2063 veniret
1326 2019 1519 2063 verbum
1534 2019 1653 2076 ejus.

1010 2077 1268 2135 Eloquium
1280 2077 1472 2124 Domini
1481 2077 1656 2123 inflam-

954 2137 1100 2182 mz'wit
1129 2151 1238 2183 eum
1258 2152 1268 2183 τ
1293 2136 1320 2160 ⁴*
1341 2138 1466 2182 misit
1487 2150 1582 2188 rex.
1609 2143 1657 2182 et

954 2197 1094 2242 solvit
1115 2210 1223 2242 eum
1241 2211 1250 2249 ;
1268 2197 1483 2255 princeps
1504 2210 1660 2255 popu-

950 2255 1118 2309 lorum,
1145 2264 1189 2301 et
1212 2256 1390 2302 dimisit
1409 2270 1534 2302 eum.

1010 2315 1270 2361 Constituit
1286 2330 1396 2360 eum
1409 2316 1658 2362 dominum

953 2375 1127 2420 domus
1172 2388 1287 2421 suae
1324 2390 1335 2420 :
1375 2372 1402 2398 ⁴*
1448 2381 1495 2420 et
1530 2374 1659 2432 prin·

953 2435 1108 2493 cipem
1146 2435 1303 2480 omnis
1344 2434 1660 2492 possessionis

953 2507 1098 2540 suae:

1006 2554 1077 2598 Ut
1090 2551 1297 2598 erudiret
1310 2551 1544 2610 principes
1556 2551 1660 2610 ejus

952 2613 1074 2658 sicut
1109 2612 1415 2670 semetipsum
1438 2626 1450 2657 ε
1472 2610 1500 2636 *
1519 2619 1566 2656 et
1586 2625 1659 2657 se·

954 2686 1038 2717 nes
1059 2673 1161 2731 ejus
1188 2671 1489 2730 prudentiam
1518 2671 1659 2718 dooe-

952 2739 1036 2778 ret.
1483 2752 1493 2763 *

1014 2791 1076 2836 Et
1089 2789 1277 2835 intravit
1288 2790 1433 2835 Israel
1448 2790 1495 2835 in
1509 2790 1657 2849 AEgy-

952 2857 1090 2906 ptum
1119 2847 1181 2894 z*
1219 2857 1267 2894 et
1344 2850 1466 2894 acob
1494 2849 1659 2896 Accola

954 2909 1042 2955 fuit
1064 2909 1112 2954 in
1132 2917 1257 2955 terra
1276 2909 1317 2955 C
1435 2943 1447 2957 .
