2050 3392
484 240 567 286 Die
593 239 661 299 iij.
706 232 1005 294 Novembris.
1029 241 1079 295 S.
1107 244 1367 294 Malachiae.
1667 236 1695 289 ί7

158 352 314 387 mam
341 333 549 386 secundo
597 332 913 397 profecturus,

154 406 246 454 ad
281 405 643 452 claramvallem
671 405 871 453 accessit
899 421 910 450 z

162 471 272 520 ubi
297 470 418 519 febri
441 470 917 533 correptus‚i'1ngitur

163 540 292 586 bleo
316 548 470 598 sacro,
493 545 539 586 et
559 547 752 598 sumpto
776 535 918 584 viati-

166 618 242 653 co
269 603 470 652 fratrum
494 617 544 651 se
579 603 876 651 orationibus
901 639 913 661 ‚

168 677 236 719 et
258 670 430 718 fratres
453 669 915 730 commendansoeo,

171 738 365 785 viventi
385 737 557 784 similis
577 737 778 784 moritur
793 748 917 783 anno

172 804 343 852 aetotis
364 803 759 865 quinquagesimo
779 815 916 863 quar-

179 879 254 918 to.
297 870 536 930 Sepelitur
607 872 656 917 in
713 868 917 917 oratorio

182 937 342 984 beotae
375 937 554 999 Mariae,
580 949 704 983 anno
739 935 914 984 Christi

185 1002 448 1050 millesimo
489 1002 746 1066 centesimo
793 1014 914 1063 qua-

184 1069 460 1130 dragesimo
511 1071 695 1128 octavo,
747 1073 916 1129 quarto

189 1138 351 1184 Nonas
377 1135 670 1184 Novembris.

181 1203 239 1269 ι’ᾢ.
283 1203 377 1250 lste
402 1206 477 1250 est
511 1202 609 1263 qui.

289 1272 337 1317 in
378 1271 515 1317 tortio
553 1272 809 1319 Nociurno.

235 1334 398 1384 Lectio
443 1335 597 1382 sancti
626 1334 866 1397 Evangelii

256 1399 514 1449 secundum
550 1401 844 1450 Matthaeum.

277 1472 431 1516 Lectio
466 1473 551 1530 vij.
588 1468 714 1528 Cap.
739 1468 820 1516 25.

264 1543 292 1581 u
306 1533 387 1580 illo
407 1534 918 1594 temporeznixitlesus

195 1549 229 1649 I
267 1600 519 1659 discipulis
531 1600 633 1647 suis
646 1602 914 1661 parobolam

195 1667 319 1715 hanc
343 1683 356 1713 z
381 1665 531 1714 Homo
583 1670 779 1729 peregre
803 1682 917 1730 pro·

195 1733 411 1780 ficiscens
428 1735 609 1781 vocovit
625 1748 786 1783 servos
803 1749 916 1784 mos

196 1806 242 1847 et
295 1798 492 1848 tradidit
514 1801 611 1847 iilis
647 1801 772 1849 bona
808 1815 914 1852 sua.

201 1867 258 1913 Et
287 1866 490 1926 reliqua.

278 1931 479 1979 Romilia
501 1932 549 1980 S.
580 1931 852 1995 Hieronymi

412 1998 696 2059 Presbyteri.

196 2066 295 2113 Lib.
322 2064 371 2113 4.
400 2068 446 2111 in
484 2066 647 2113 Manli.
687 2080 793 2125 cap.
833 2066 913 2114 25.

269 2141 363 2178 ono
408 2131 498 2178 iste
552 2130 917 2192 paterfamilias,

202 2146 260 2245 H
282 2197 407 2245 haud
427 2196 624 2244 dubium
648 2198 764 2258 quin
785 2198 919 2246 Chri-

196 2270 299 2311 stus
319 2263 402 2321 sit,
421 2263 503 2324 qui
524 2263 583 2310 sd
605 2264 790 2311 Patrem
813 2270 921 2325 post

192 2331 581 2377 resurrectionem
597 2330 745 2378 victor
764 2333 927 2379 ascen-

196 2396 312 2443 dens
342 2431 357 2453 ,
414 2396 592 2443 vocotis
646 2396 922 2456 Apostolis‚

203 2462 462 2510 doctrinam
485 2462 800 2521 evangelicam
825 2464 925 2511 tro·

197 2528 320 2575 didit
346 2547 357 2576 :
393 2540 487 2575 non
517 2540 603 2588 pro
642 2528 861 2589 largitote
881 2535 929 2576 et

201 2594 430 2654 parcitate
491 2594 625 2642 alteri
691 2596 801 2655 plus
832 2631 846 2653 ‚
883 2602 930 2643 et

194 2660 330 2708 elteri
436 2659 596 2707 minus
662 2661 877 2709 tribuens
912 2698 928 2722 ‚

194 2726 278 2774 sed
314 2739 397 2787 pro
451 2726 780 2785 accipientium
843 2729 911 2774 vi-

196 2793 333 2840 ribus
370 2811 383 2840 2
437 2791 673 2853 quomodo
703 2800 749 2841 et
783 2795 916 2853 Apo·

196 2858 352 2906 stolus
400 2870 481 2906 eos
506 2894 521 2920 ,
574 2859 653 2920 qui
707 2858 913 2907 solidum

196 2925 357 2973 cibum
380 2926 551 2985 copere
580 2937 673 2972 non
703 2927 920 2987 poterant

201 2993 321 3039 laete
346 2993 536 3050 potesse
559 3003 611 3038 se
632 2990 766 3041 dicit.
787 2993 930 3039 Doni·

202 3071 298 3119 que
321 3057 630 3119 etillum‚qui
646 3057 704 3105 de
718 3057 930 3123 quinque

206 3123 400 3171 talentis
439 3122 597 3172 decem
647 3122 820 3172 fecerat
843 3161 855 3184 ,
885 3131 930 3172 et

971 339 1133 399 quide
1173 338 1363 387 duobus
1396 339 1602 400 quotuor
1624 343 1710 389 si·

971 405 1072 452 mili
1111 406 1292 466 recepit
1342 406 1517 468 gaudio
1550 427 1562 455 ε
1604 421 1696 455 non

970 471 1280 519 considerans
1305 472 1424 520 lucri
1451 475 1697 536 magnitu-

971 538 1153 597 dinem,
1181 538 1264 585 sed
1299 538 1449 587 studii
1472 541 1697 588 volunte—

973 610 1085 652 tem.
1114 605 1169 668 ιῖ,
1200 605 1387 662 Amz'ivit
1411 618 1538 655 eum.

1189 678 1345 722 Lectio
1375 677 1480 735 viij.

1038 749 1068 784 N
1096 737 1326 799 quinque,
1358 742 1405 785 et
1426 736 1634 799 duobus,
1659 743 1703 786 et

1053 815 1147 850 uno
1169 805 1363 862 talento,
1379 805 1456 851 vel
1484 804 1698 852 divorsas

974 869 1157 930 gratias
1193 871 1518 931 intelligemus
1545 907 1560 930 ‚
1598 884 1703 933 quae

979 935 1237 996 unicuique
1261 937 1443 985 triaditae
1473 943 1602 997 sunt,
1630 937 1702 985 vel

978 1003 1024 1049 in
1080 1003 1232 1062 primo
1259 1039 1273 1062 ‚
1305 1016 1470 1052 omnes
1527 1016 1702 1051 sensus

976 1069 1313 1131 examins1033
1362 1070 1410 1116 in
1468 1069 1699 1131 secundo,
1737 1095 1743 1102 ·

976 1135 1338 1196 intelligentiam
1364 1142 1411 1183 et
1446 1138 1617 1197 operm
1655 1137 1701 1182 in

975 1201 1113 1248 tortio
1142 1241 1157 1265 ,
1184 1201 1413 1250 rationem
1443 1241 1458 1265 ,
1483 1215 1575 1263 qus
1614 1203 1702 1250 lio-

977 1268 1130 1315 mines
1158 1280 1185 1314 a
1209 1268 1375 1316 bestiis
1394 1269 1699 1329 separentur.

977 1333 1107 1382 Abiit
1134 1341 1292 1383 autem
1351 1336 1433 1396 qui
1490 1335 1703 1396 quinque

978 1400 1157 1448 talenta
1188 1404 1465 1461 acceperat:
1495 1401 1703 1460 acceptis

977 1466 1177 1514 terronis
1197 1467 1703 1528 sensibus‚coelostium

979 1533 1071 1580 sibi
1095 1533 1309 1580 notitiam
1332 1533 1618 1593 duplicavit:
1650 1546 1705 1581 ex

977 1599 1209 1646 creaturis
1251 1599 1525 1659 intelligens
1560 1599 1705 1647 Crea-

983 1667 1151 1727 torem,
1178 1678 1233 1713 ex
1267 1665 1595 1726 corporoiibus
1627 1666 1702 1713 in·

976 1731 1320 1792 corporolia‚ex
1344 1731 1619 1779 visibilibus
1633 1732 1703 1782 in·

983 1797 1211 1857 visibilis,
1232 1811 1287 1845 ex
1312 1798 1536 1846 brevibus
1563 1800 1702 1845 aeter-

975 1864 1312 1924 nn.Similiter‚
1336 1865 1418 1926 qui
1444 1865 1539 1912 duo
1574 1866 1703 1911 acce-

978 1937 1131 1991 perut,
1156 1944 1242 1991 pro
1267 1932 1452 1979 viribus
1469 1930 1701 1993 quidquid

974 1999 1023 2044 in
1048 1998 1148 2057 lege
1181 1997 1430 2058 didicerat,
1460 1999 1508 2046 in
1546 1998 1702 2045 Evan-

977 2063 1097 2123 gelio
1118 2063 1404 2123 duplicovitz
1427 2064 1526 2113 sive
1544 2064 1703 2111 scien-

981 2131 1046 2177 tis
1068 2137 1113 2177 et
1134 2132 1278 2191 opera
1301 2130 1549 2191 praesentis
1574 2130 1703 2190 vitae,

979 2196 1154 2250 futurae
1212 2197 1533 2262 ,beatitudinis
1571 2203 1707 2256 typos

984 2262 1231 2311 intellexit.

986 2330 1042 2398 si).
1073 2328 1179 2376 Sint
1207 2329 1378 2379 lumbi.

1217 2400 1369 2446 Lectio
1404 2401 1470 2449 ix.

1057 2471 1218 2509 muna
1266 2466 1454 2521 tempus
1478 2468 1550 2509 est
1581 2459 1705 2507 inter

986 2481 1052 2581 G
1074 2527 1397 2575 ascensionem
1451 2526 1707 2576 salvatoris

988 2603 1034 2644 et
1085 2593 1344 2641 secundum
1397 2594 1499 2654 ejus
1529 2593 1708 2640 adven-

989 2661 1165 2708 tum.Si
1189 2665 1345 2708 autem
1365 2659 1577 2721 Apostoli
1599 2658 1706 2706 red-

988 2726 1135 2775 dituri
1160 2735 1273 2773 sunt
1293 2727 1589 2786 rationem,et
1617 2724 1707 2771 sub

986 2797 1113 2840 metu
1155 2791 1331 2851 judicis
1393 2790 1650 2840 surrecturi
1688 2825 1703 2848 ‚

984 2857 1102 2921 quid
1129 2871 1213 2905 nos
1235 2861 1419 2919 oportet
1437 2858 1587 2906 facere
1611 2859 1632 2904 ἲ
1653 2857 1710 2903 Et

986 2923 1399 2986 notondum‚quod
1422 2924 1710 2983 omnia,quae

986 2992 1033 3039 in
1071 2991 1290 3053 praesenti
1328 2988 1573 3045 habemus,
1601 2988 1711 3034 licet

988 3054 1710 3119 magnavideimturetplurima.

990 3131 1150 3174 tamen
1186 3122 1534 3187 comparatione
1571 3119 1708 3168 futu-
