2050 3392
332 419 683 467 DOMINICA
724 420 858 467 XIV.

353 496 458 546 post
495 489 817 530 Pentecosten.

499 565 681 612 Oratio.

393 634 440 680 U
453 635 487 680 S
499 635 544 680 T
553 632 597 680 Ο
609 634 656 678 D
667 633 690 679 1
722 633 941 686 de5ne,

419 708 726 753 quaesumus,
788 694 949 740 Eccle-

230 768 360 800 siam
423 763 556 800 tuam
613 754 950 813 propitiatidne

231 814 473 875 perpetua
498 829 509 861 :
541 823 588 860 et
620 815 734 872 quia
772 815 873 860 sine
902 823 949 860 te

232 875 417 921 labitur
437 875 649 921 humana
664 875 947 927 mortalitas:

234 935 339 980 tuis
357 947 542 992 semper
561 934 747 979 auxiliis
767 941 814 980 et
842 935 948 980 abs·

232 993 457 1040 trahatur
466 1008 497 1039 a
509 994 674 1047 ndxiis,
687 1001 736 1040 et
749 995 813 1039 ad
828 995 950 1041 salu-

233 1053 362 1099 tatia
407 1054 651 1113 dirigatur.
715 1053 805 1099 Per
848 1054 948 1101 Βό-

232 1113 439 1159 minum.

233 1196 410 1244 Leetio
438 1197 591 1243 sane'ti
613 1198 857 1257 Evangelii
878 1211 949 1244 se-

312 1257 527 1304 cundum
548 1259 868 1306 Matthaeum.

264 1343 302 1386 Ι
306 1340 431 1387 εόὶίο
453 1340 528 1386 vii.
652 1336 763 1396 Cap.
788 1336 848 1382 vi.
874 1350 912 1382 c.

344 1412 394 1457 N
435 1412 517 1458 illo
547 1411 780 1470 tempore:
816 1413 946 1459 Dixit

366 1472 510 1535 Jesus
536 1473 782 1530 discipulis
809 1474 945 1518 suis:

293 1544 403 1576 emo
442 1540 600 1590 potest
641 1532 831 1578 dudbus
861 1531 946 1578 ἀό-

211 1591 381 1653 minis
401 1592 587 1637 servire.
650 1592 712 1637 Et
734 1592 849 1649 reliq
851 1606 930 1638 ua.

259 1651 479 1696 Homilia.
498 1651 649 1696 saneti
670 1606 926 1712 Augusqtini

473 1712 714 1770 Episcopi.

233 1771 341 1817 Lib.
363 1785 407 1817 2.
426 1771 484 1816 de
502 1772 724 1817 Sermone
742 1772 948 1818 Domini

349 1832 404 1876 in
427 1836 589 1883 monle,
616 1838 715 1890 cap.
741 1833 833 1878 xiv.

261 1909 424 1994 W>
460 1890 623 1936 EMO
646 1899 803 1960 potest·
827 1890 946 1937 dud-

259 1974 268 1989 ,
326 1929 449 2087 :ff
505 1951 594 1996 bus
624 1950 831 1997 ddmmis
852 1965 946 1996 ser-

262 2058 273 2067 „
340 2012 396 2067 ξ
427 2009 460 2064 ξ’
503 2011 614 2055 vite.
691 2011 771 2056 Ad
822 2011 945 2056 hanc

382 2079 409 2107 2‘-
437 2065 459 2107 U
504 2071 658 2127 ipsam
726 2070 945 2117 intenti&-

233 2142 349 2173 nem
385 2129 679 2175 referendum
710 2138 782 2176 est
813 2132 945 2188 quod

232 2188 583 2246 consequenter
622 2190 831 2247 expdnit.
875 2191 944 2235 di-

230 2262 380 2294 cens·
370 2283 380 2293 .
395 2248 494 2293 Aut
514 2248 640 2293 enim
661 2263 810 2294 unum
831 2249 945 2295 όᾱίο

230 2308 443 2359 habebit,
466 2316 514 2353 et
529 2309 729 2354 alterum
751 2308 941 2366 dssiget:

228 2374 320 2413 aut
368 2367 570 2413 alterum
622 2367 839 2425 patietur,
897 2377 944 2415 et

231 2428 437 2472 alterum
460 2426 748 2474 contemnet.
806 2429 945 2483 Quae

229 2486 380 2531 verba
429 2486 680 2544 diligenter
729 2489 945 2533 conside-

229 2545 389 2592 randa
410 2554 519 2591 sunt
548 2561 559 2592 z
592 2560 718 2599 nam,
746 2548 828 2605 qui
850 2548 942 2593 sint

230 2607 338 2652 duo
348 2606 544 2657 ddmini,
552 2605 779 2663 deinceps
787 2607 944 2652 osten-

230 2665 321 2717 dit,
359 2679 471 2710 cum
508 2666 662 2710 dicit:
711 2665 826 2711 Non
859 2680 944 2724 po-

229 2725 370 2772 testis
394 2724 501 2770 Deo
522 2724 696 2770 servire
717 2732 765 2770 et
793 2739 944 2772 mam-

228 2784 425 2831 mdnae.
492 2785 778 2830 Mammdna
812 2786 943 2844 apud

229 2845 487 2892 Hebraeos
508 2844 701 2890 divitiae
716 2845 944 2920 appellati

231 2902 474 2954 dicuntur.
540 2904 775 2964 Cdngruit
791 2904 945 2954 etPu·

290 265 604 321 Domim‘ca
628 264 1050 331 decimaquarta
1088 260 1226 327 post
1242 256 1603 314 Pentecosten.
1623 272 1722 325 30)

1015 395 1174 440 uicum
1193 407 1393 440 nomen:
1411 409 1522 441 nam
1539 397 1722 442 lucrum

1019 454 1196 500 Punice
1216 468 1464 501 mammon
1484 456 1667 503 dicitur.

1224 538 1389 581 Lectio
1415 539 1500 581 vni.

1149 606 1243 652 ΕΙ)
1283 608 1367 666 qui
1397 610 1537 654 servit
1573 623 1721 654 mam-

1176 668 1364 721 m6nae‚
1430 669 1493 714 illi
1556 668 1721 726 utique

1014 726 1168 779 servit.
1195 732 1277 786 qui
1300 730 1439 774 rebus
1461 729 1559 774 istis
1580 729 1721 774 terre-

1016 799 1089 831 ms
1096 786 1265 832 mento
1279 802 1393 833 suae
1407 782 1720 847 perversitatis

1015 847 1327 904 praepdsitus,
1414 848 1719 905 magistratus

1015 905 1157 963 hujus
1177 908 1351 952 saeculi
1370 921 1401 952 a
1417 908 1629 953 deino
1649 908 1719 952 di-

1015 966 1148 1009 citur.
1194 966 1292 1010 Aut
1305 967 1430 1011 enim
1444 981 1591 1012 unum
1604 968 1719 1013 &dio

1015 1024 1208 1070 habebit
1248 1025 1407 1077 homo.
1443 1034 1489 1071 et
1519 1027 1718 1072 alterum

1013 1084 1195 1142 diliget,
1223 1085 1273 1129 id
1294 1093 1378 1137 est,
1406 1085 1564 1131 Deum
1593 1100 1603 1131 ε
1635 1095 1720 1132 aut

1012 1144 1214 1189 alterum
1228 1145 1444 1202 patietur,
1459 1153 1504 1190 et
1518 1146 1719 1191 alterum

1012 1204 1301 1251 contemnet.
1371 1204 1576 1251 Patietur
1592 1207 1718 1251 enim

1013 1265 1186 1310 durum
1215 1272 1262 1311 et
1294 1265 1610 1324 pernicidsum
1633 1266 1719 1311 dd-

1013 1325 1207 1376 minum.
1284 1325 1500 1383 quisquis
1577 1326 1718 1370 servit

1013 1385 1316 1430 mammdnae
1343 1399 1353 1429 :
1376 1399 1464 1429 sua
1489 1384 1615 1429 enim
1637 1398 1719 1429 cu-

1011 1445 1214 1501 piditate
1269 1444 1551 1502 implicatus,
1608 1443 1718 1488 sub-

1013 1504 1140 1548 ditur
1165 1503 1371 1556 diabolo,
1398 1512 1445 1549 et
1477 1516 1575 1549 non
1605 1517 1716 1548 eum

1012 1563 1181 1619 diligit.
1246 1563 1366 1617 Quis
1386 1564 1512 1608 enim
1540 1569 1611 1608 est
1633 1564 1716 1620 qui

1012 1622 1183 1679 dssigat
1218 1621 1502 1667 diabolum?
1530 1623 1617 1668 sed
1648 1630 1718 1667 ta-

1013 1694 1125 1728 men
1146 1680 1340 1740 patitur.

1236 1761 1399 1809 Lecftio
1420 1763 1479 1808 ix.

1121 1829 1272 1883 ΠΕΟ.
1311 1829 1475 1888 inquit.
1502 1830 1610 1876 dico
1634 1844 1716 1876 vo-

1147 1891 1232 1943 bis.
1260 1904 1358 1935 non
1393 1890 1566 1936 habere
1592 1891 1718 1936 solli-

1012 1947 1270 1995 citudinem
1311 1950 1497 1996 Animae
1536 1958 1718 1995 vestrae

1012 2010 1130 2068 quid
1151 2010 1316 2063 edatis
1344 2023 1498 2068 neque
1527 2009 1716 2068 cdx-pori

1011 2078 1168 2115 vestro
1208 2070 1324 2128 quid
1360 2070 1567 2115 induatis
1603 2084 1614 2116 ε
1656 2083 1718 2115 ne

1011 2129 1147 2183 forte,
1183 2131 1400 2187 quamvis
1423 2130 1523 2188 jam
1556 2129 1718 2187 super-

1010 2188 1109 2236 flua
1143 2203 1241 2235 non
1273 2191 1571 2247 quaerantur.
1609 2204 1718 2248 pro-

1011 2256 1116 2306 pter
1166 2249 1270 2307 ipsa
1318 2251 1582 2296 necessatia
1635 2263 1718 2295 cor

1011 2308 1294 2367 duplicetur,
1320 2317 1367 2355 et
1387 2311 1450 2355 ad
1472 2310 1577 2367 ipsa
1604 2322 1718 2353 con-

1010 2369 1256 2426 quirenda,
1271 2378 1431 2415 nostra
1437 2368 1719 2426 detorquea-

1010 2435 1089 2474 tur
1137 2429 1350 2480 intentio.
1387 2441 1497 2473 cum
1537 2427 1716 2484 aliquid

1011 2488 1148 2545 quasi
1172 2487 1533 2533 misericdrditer
1551 2486 1719 2544 opera-

1012 2560 1119 2592 mur
1138 2561 1148 2591 :
1172 2548 1220 2593 id
1242 2554 1326 2597 est,
1354 2554 1406 2592 ut
1422 2559 1532 2590 cum
1549 2545 1718 2590 consu-

1011 2607 1106 2651 lere
1134 2605 1276 2650 alicui
1305 2605 1448 2650 videri
1479 2605 1713 2657 νόΙιιηιιιε,

1010 2673 1229 2710 nostrum
1347 2664 1718 2710 emolumentum

1011 2725 1077 2770 ibi
1109 2724 1281 2781 pdtius.
1310 2737 1455 2781 quam
1477 2723 1600 2769 illitis
1627 2725 1717 2769 uti-

1011 2784 1194 2829 litatem
1209 2783 1529 2837 attendamus
1546 2791 1592 2830 et
1610 2783 1719 2830 ideo

1011 2843 1155 2890 nobis
1176 2857 1274 2889 non
1297 2843 1538 2889 videamur
1553 2844 1719 2902 pecca-

1010 2918 1077 2961 re,
1103 2904 1219 2965 quia
1238 2916 1336 2950 non
1357 2903 1607 2963 superflua,
1633 2904 1719 2949 sed
