2050 3392
255 240 375 294 Die
399 254 475 307 29
499 239 553 292 A
560 255 671 310 ug„
699 240 762 292 in
787 237 996 293 Decoll.
1023 239 1086 291 S.
1117 237 1369 308 Joannis
1392 240 1558 308 Bapt.
1602 253 1699 306 331

329 395 386 438 In
410 393 550 438 tertio
574 394 837 443 Noclurno.

215 489 395 537 Lec'tio
425 487 578 534 saneti
602 487 844 547 Evangelii
866 503 937 534 se-

343 548 560 594 cundum
584 549 820 595 Marcum.

257 638 427 686 Lee‘tio
453 640 509 685 vii
652 644 766 702 Cap.
792 643 850 688 vi.
878 657 913 687 c.

332 727 381 773 N
415 727 497 773 illo
529 726 767 785 tempore:
801 727 934 773 Misit

227 817 252 838 ς
364 786 599 839 Heredes,
666 801 724 833 ac
784 787 933 834 tenuit

212 846 474 911 joannem,
501 856 548 893 et
568 847 714 893 vinxit
755 848 932 893 eumin

218 907 426 958 carcere,
467 915 664 965 propter
699 907 935 953 Herodia-

220 969 340 1013 dem
353 966 547 1013 uxorem
564 966 765 1025 Philippi
779 966 934 1013 fratris

220 1027 313 1079 sui,
343 1027 458 1083 quia
476 1025 673 1071 duxerat
693 1040 813 1072 eam.
872 1027 933 1071 Et

222 1086 423 1143 reliqua.

247 1144 468 1190 Homilia
487 1144 637 1190 saneti
659 1145 914 1204 Augustini

461 1205 703 1264 Episcopi.

269 1266 493 1309 Sermone
506 1279 549 1309 x.
570 1265 623 1309 in
642 1266 779 1310 novis
790 1266 901 1311 Scr-

467 1325 693 1371 monibus.

337 1420 361 1432 ..
485 1384 528 1427 U
556 1384 609 1429 M
714 1384 934 1431 sanetum

338 1446 379 1479 ὲ,
498 1443 811 1502 Evangelium
873 1446 935 1490 le-

251 1552 263 1565 „
338 1553 359 1570 x
447 1514 450 1541 ι
493 1503 695 1561 geretur,
745 1504 935 1551 crudele

306 1600 311 1602 ,
420 1574 450 1602 Δ
497 1563 823 1621 ερεόὶέοιιὶιιηι
855 1578 936 1609 an-

229 1628 281 1666 te
327 1621 489 1667 oculos
534 1630 721 1669 nostros
765 1625 935 1669 consti-

229 1679 389 1727 tutum
434 1690 505 1728 est
538 1696 549 1729 :
594 1691 739 1743 caput
782 1684 935 1730 saneti

226 1741 430 1803 Jodnnis
481 1743 529 1788 in
580 1745 729 1797 disco,
781 1744 935 1790 feralis

229 1802 404 1846 missus
429 1804 718 1851 crudelitatis
745 1813 936 1863 propter

228 1861 398 1908 odium
463 1862 683 1910 veritatis.
774 1863 936 1909 Puella

228 1921 386 1973 saltat,
418 1931 466 1968 et
495 1924 641 1968 saevit
671 1930 856 1969 mater:
888 1933 934 1970 et

228 1981 353 2026 inter
392 1981 606 2028 lascivias
646 1991 693 2028 et
738 1983 935 2028 delicias

227 2040 582 2086 convivantium
610 2041 787 2088 temere
809 2043 935 2100 jura-

227 2108 319 2152 tur,
365 2107 413 2144 et
454 2100 599 2159 impie
642 2103 775 2160 quod
810 2101 935 2160 iura-

226 2167 318 2211 tur,
346 2159 580 2218 impletur.
644 2161 844 2206 Factum
866 2171 934 2206 est

217 2218 415 2281 Joenni,
451 2220 625 2277 quodi
663 2233 713 2264 se
749 2222 934 2277 praedi-

225 2285 376 2323 xerat.
454 2278 529 2324 De
562 2279 608 2323 D
643 2278 773 2325 mino
810 2281 934 2324 enirn

217 2338 342 2401 Jaeu
354 2337 547 2384 Christo
561 2337 768 2384 dixerat:
795 2339 933 2384 Illum

225 2397 419 2454 opertet
440 2397 659 2450 crescere.
679 2411 755 2444 me
775 2407 932 2444 autem

225 2456 394 2502 minui.
474 2458 569 2503 Iste
610 2458 820 2504 minutus
860 2468 931 2505 est

224 2517 275 2562 in
298 2517 468 2574 cdpste,
492 2518 568 2563 ille
592 2518 735 2563 crevit
761 2519 810 2564 in
829 2532 933 2564 cru-

223 2590 292 2622 ce.
337 2575 519 2622 Odium
542 2577 723 2636 peperit
744 2578 926 2625 veritas,

224 2637 343 2682 Non
378 2637 535 2694 potuit
575 2650 732 2695 aequo
771 2638 932 2684 enimo

223 2696 426 2748 tolerati,
472 2697 606 2755 quod
653 2698 799 2744 homo
842 2699 930 2743 Dei

219 2758 421 2805 sanetus
443 2756 672 2803 monebat
694 2771 705 2802 :
737 2759 819 2817 qui
841 2757 932 2804 titi-

218 2833 318 2878 que
351 2816 561 2864 salutem
590 2816 753 2862 eorum
786 2831 931 2875 quae-

217 2879 371 2932 rebat,
408 2890 537 2936 quos
577 2877 644 2921 sic
685 2879 922 2924 monebat.

1007 371 1375 441 Responderunt
1397 371 1461 415 illi
1478 371 1603 415 mala
1618 385 1705 429 pro

1002 431 1158 548 boll&-
1178 489 1477 536 Desiderium
1519 489 1706 536 Animae

1001 551 1104 609 eJus
1124 550 1326 596 tribuisti
1348 551 1404 603 ei,
1428 549 1650 603 deine,
1681 553 1705 575 '²‘

1003 612 1066 656 Et
1087 610 1330 657 voluntate
1350 609 1587 656 labier-um
1604 611 1705 669 eJ'us

1000 683 1097 716 non
1159 669 1388 716 fraudasti
1448 684 1572 716 eum.
1639 667 1701 725 Y.

1000 731 1242 786 Queniam
1278 730 1559 788 praevenisti
1595 743 1704 776 eum

999 792 1049 835 in
1070 789 1476 836 benedietidnibus
1496 791 1706 837 dulcedi·

999 850 1403 956 ”³⁵3n201f‘1u32i12‘
1423 851 1705 958 :3:³12ss

999 923 1201 1016 {gr—Et
1221 925 1478 1015 voluntgte.
1532 925 1565 969 p

1217 1051 1379 1102 Letftio
1398 1056 1484 1099 viil.

1153 1146 1277 1190 UID
1308 1145 1433 1191 enim
1468 1145 1544 1191 ille
1580 1146 1705 1192 dice-

1178 1214 1260 1259 ret,
1294 1206 1383 1252 nisi
1412 1219 1509 1263 quo
1536 1206 1704 1263 plenus

1000 1265 1136 1312 erat?
1156 1266 1220 1311 Et
1240 1266 1357 1324 quid
1370 1266 1432 1310 illi
1450 1266 1705 1323 responde-

999 1333 1118 1378 rent,
1146 1327 1234 1372 nisi
1255 1339 1352 1383 quo
1380 1326 1503 1383 pleni
1536 1325 1707 1370 erant?

1004 1385 1089 1431 Ille
1111 1385 1318 1431 triticum
1339 1385 1598 1437 semimivit,
1621 1384 1706 1430 sed

1000 1445 1163 1503 spinas
1227 1444 1415 1491 invenit.
1506 1443 1705 1489 Dicebat

999 1505 1131 1562 regi:
1163 1504 1276 1550 Non
1299 1505 1406 1549 licet
1428 1504 1510 1549 tibi
1533 1503 1706 1549 habere

1000 1564 1199 1611 uxerem
1207 1564 1362 1609 fratris
1371 1564 1449 1609 tui.
1472 1563 1704 1608 Vincebat

999 1624 1130 1669 enim
1145 1636 1307 1681 regem
1323 1622 1472 1668 libido
1488 1636 1497 1666 ε
1514 1622 1705 1668 tenebat

999 1684 1136 1741 apud
1177 1696 1228 1729 se
1269 1682 1560 1740 prohibitam
1592 1681 1707 1727 uxe-

999 1757 1102 1789 rem
1133 1743 1290 1789 fratris
1319 1741 1405 1788 sui.
1472 1742 1567 1787 Sed
1597 1755 1706 1787 eum

1002 1811 1163 1849 tamen
1191 1803 1259 1848 sic
1288 1802 1476 1853 libebat,
1512 1810 1566 1847 ut
1611 1814 1707 1847 non

1000 1862 1216 1909 saeviret.
1243 1861 1526 1908 Honordbat
1539 1874 1707 1913 eum‚a

1001 1936 1100 1980 quo
1131 1936 1293 1968 verum
1328 1921 1585 1967 audiebat:
1620 1922 1706 1966 sed

1000 1981 1170 2028 mulier
1209 1981 1498 2028 detestabilis
1538 1980 1705 2027 edium

1000 2041 1471 2158 ἓὲεὲἓὲἓὲ
1497 2040 1707 2157 ἓὲἓ

1001 2161 1212 2216 Quando
1223 2169 1382 2206 autem
1393 2159 1697 2217 parturiebat,

999 2220 1183 2278 peperit
1224 2219 1384 2271 filiam,
1426 2219 1575 2264 filiam
1615 2219 1706 2264 sal-

1001 2279 1195 2326 tantem.

1068 2342 1138 2401 RJ.
1160 2338 1295 2384 Stola
1312 2336 1620 2396 jucunditatis
1637 2336 1706 2381 in·

999 2397 1102 2443 duit
1135 2411 1245 2443 eum
1283 2397 1550 2443 Dominus:
1588 2402 1615 2426 ὕ
1642 2396 1705 2440 Et

999 2457 1226 2504 corenam
1243 2455 1605 2515 pulchritudinis
1618 2454 1706 2512 pe·

1000 2519 1093 2563 suit
1123 2531 1263 2575 super
1299 2524 1441 2575 caput
1474 2515 1587 2574 ejus,
1640 2515 1704 2577 ΧΤ,

1000 2577 1187 2623 Οἱὺὲνίῑ
1259 2576 1387 2621 illum
1461 2573 1699 2621 Dominus

999 2650 1124 2696 pane
1139 2637 1262 2681 vitae
1279 2643 1325 2680 et
1343 2633 1606 2680 intellectus
1626 2648 1637 2680 :
1655 2643 1702 2680 et

997 2711 1125 2754 aqua
1177 2695 1437 2753 sapientiae
1486 2694 1701 2741 saluteris

998 2757 1181 2814 potavit
1221 2757 1367 2801 illum.
1385 2782 1445 2788 -
1467 2756 1529 2801 Et
1569 2757 1701 2804 core-

997 2831 1124 2863 nam.
1180 2816 1336 2863 Gadi-ia
1355 2816 1491 2863 Patri.
1541 2818 1603 2864 Et
1623 2832 1701 2864 co—

996 2877 1181 2923 ronam.
