2050 3392
371 252 525 307 cccii.
563 251 678 305 Die
698 251 779 306 28
796 252 965 317 Nou,
991 249 1053 303 S.
1084 248 1353 319 Gregorii
1374 248 1512 315 IIII,
1534 248 1607 302 P.
1630 247 1693 301 C.

373 388 657 433 Dominicae
669 383 1082 433 meditandaestti-
1145 382 1327 441 gesimo
1369 383 1552 440 quinto,
1605 383 1857 429 Beatorum

372 449 504 493 dium
520 448 812 506 propagavit.
835 445 1017 490 sacellis
1032 445 1080 489 in

374 507 724 565 amphitheatro
756 505 915 551 Flavio
950 504 1081 549 aedi-

374 568 540 619 ficatis,
583 567 644 612 ad
684 579 807 624 quae
842 564 1082 609 cruciatus

375 627 564 679 Christi,
590 639 776 672 crucem
812 625 875 669 ad
913 622 1084 668 Calva-

373 688 497 732 rium
533 685 798 743 bajulantis,
825 682 1086 729 recoleren-

376 755 465 792 tur.
529 746 607 790 Ab
642 758 700 789 eo
735 743 880 789 etiarn
916 743 1064 801 perpe'

373 813 457 852 tua
482 803 763 850 sacramenti
784 802 1084 849 eucharistici

372 864 592 910 adorotio
621 862 891 921 praecipuis
918 863 966 907 in
992 861 1086 907 Ita-

372 925 464 969 liae
484 923 679 969 urbibus
709 930 781 969 est
811 919 1079 967 constituta.

378 983 473 1029 His
512 983 655 1041 igitur
699 982 897 1039 aliisque
935 982 1086 1026 admi-

376 1043 539 1089 raudis
614 1042 838 1089 virtutum
908 1040 1085 1086 meritis

377 1102 593 1149 maturus
633 1102 782 1152 coelo,
828 1109 1084 1157 postquam

377 1171 425 1208 et
479 1162 758 1220 prophetiae
774 1162 919 1210 dono,
942 1167 989 1204 et
999 1159 1082 1203 mi-

376 1221 646 1267 raculorum
713 1220 885 1265 virtute
955 1220 1086 1263 Deus

375 1279 677 1326 sanctitatem
713 1279 832 1324 servi
866 1278 937 1323 sui
974 1292 1088 1323 con-

376 1338 622 1390 firmasset,
650 1352 760 1383 cum
791 1344 979 1394 tempus
1000 1351 1085 1395 ap-

376 1397 714 1457 propinquAret
745 1396 1078 1449 retributionis,

375 1465 428 1502 ut
446 1457 707 1503 Benedioto
722 1456 1085 1513 decimoquitrto

376 1517 522 1564 fidem
559 1516 835 1575 praestaret,
864 1517 938 1560 cui
978 1515 1087 1561 ηὐε-

378 1578 508 1636 piam
539 1577 629 1622 nisi
653 1578 838 1621 Romae
869 1590 919 1621 se
946 1576 1086 1619 mori-

377 1637 537 1682 turum
558 1636 849 1693 promiserat.
874 1650 931 1680 ex
952 1648 1087 1693 prae-

377 1696 614 1743 dicatione
667 1696 965 1747 Bononiensi,
1022 1696 1087 1740 ad

378 1770 524 1815 quam
540 1758 604 1802 ab
618 1755 790 1801 eodem
809 1755 960 1800 suerat
977 1755 1087 1799 mis·

377 1830 472 1868 sus,
519 1817 569 1861 in
623 1816 804 1860 Urbem
853 1814 1080 1865 reversus,

378 1875 620 1921 laboribus
670 1874 860 1926 stadius,
918 1874 1088 1918 morbo

379 1935 549 1980 tentari
599 1934 785 1991 coepit;
828 1947 925 1990 quo
976 1946 1086 1978 cum

380 1993 619 2045 deficeret,
662 1992 901 2036 Ecclesiae
943 1992 1086 2037 sacris

378 2052 608 2110 expiatus,
628 2060 882 2109 postquam
906 2052 1086 2109 postre-

379 2126 460 2156 ma
479 2111 643 2156 salotis
663 2110 847 2156 monita
866 2110 1088 2156 fratribus

380 2171 477 2217 suis
507 2170 728 2222 dedisset,
756 2183 883 2214 anno
915 2171 1089 2216 aetatis

378 2245 494 2276 suae
524 2231 691 2288 quinto
720 2237 769 2274 et
799 2230 1090 2287 septuagesi-

381 2305 461 2336 mo
486 2289 780 2335 sanctissime
800 2289 1089 2334 obdormivit

380 2351 427 2396 in
470 2350 693 2402 Domino,
740 2350 818 2394 die
862 2349 1090 2406 vigesima

382 2418 517 2456 sexta
533 2410 831 2460 Novembris,
851 2409 899 2453 in
916 2409 1090 2455 coeno-

381 2471 463 2516 bio
513 2469 663 2514 sanoii
710 2468 1083 2521 Bonaventt'irae,

383 2530 464 2575 ubi
497 2543 622 2574 nunc
651 2529 754 2586 ejus
774 2542 946 2585 corpus
977 2527 1090 2574 coli-

384 2598 459 2635 tur
485 2603 495 2634 :
517 2589 654 2646 eique
679 2589 789 2632 Pius
810 2595 980 2638 sextus,
1006 2587 1089 2645 qui

383 2649 617 2694 viventem
672 2661 849 2705 magno
908 2647 1091 2692 honore

382 2707 628 2759 babuerat,
682 2706 905 2752 absoluto
961 2707 1090 2764 prius

381 2767 469 2811 rite
500 2767 561 2811 de
586 2765 832 2811 virtutibus
861 2780 919 2811 ac
950 2765 1091 2811 mira-

381 2825 500 2869 culis
561 2826 679 2870 servi
750 2825 838 2870 Dei
888 2824 1084 2883 judicio,

1067 767 1086 776 -
1148 742 1309 800 cipum
1390 755 1521 786 anno

1147 443 1363 496 honores,
1391 442 1621 488 Officium
1661 451 1711 488 et
1752 443 1861 487 Mis-

1148 516 1250 548 sam
1282 501 1490 548 decrevit
1513 517 1523 548 ε
1554 503 1672 547 Pius
1701 511 1860 548 autem

1148 575 1302 607 nonus
1355 561 1575 608 Pontifex
1627 561 1861 607 moximus

1148 622 1279 667 sestis
1343 622 1673 667 saecularibus
1737 622 1860 667 Petri

1148 690 1195 727 et
1219 682 1350 727 Pauli
1371 681 1725 739 Apostolorum
1740 682 1861 740 prin-

1613 742 1861 788 millesimo

1149 801 1550 859 ootingentesimo
1565 801 1863 859 sexagesimo
1912 841 1915 858 ,

1149 860 1350 919 septimo
1393 861 1596 905 solemni
1634 862 1742 913 ritu,
1785 863 1863 906 ad-
1910 885 1915 920 l

1149 920 1388 965 stontibus
1434 920 1695 978 Episcopis
1740 922 1861 966 orbis
1909 943 1913 998 ι

1148 979 1364 1031 universi,
1405 979 1702 1025 SanGtorum
1737 980 1864 1025 fastis

1149 1038 1399 1096 inscripsit.

1208 1096 1280 1156 R7.
1321 1099 1419 1144 Iste
1467 1098 1624 1145 homo
1674 1099 1864 1157 perfecit

1149 1158 1312 1204 omnia
1341 1172 1468 1215 quae
1498 1158 1696 1204 locutus
1724 1167 1798 1204 est
1825 1159 1861 1203 ei

1151 1219 1296 1270 DeuS,
1323 1226 1370 1263 et
1392 1219 1513 1263 dixit
1535 1219 1602 1263 ad
1624 1232 1734 1264 eum
1755 1234 1767 1264 :
1793 1219 1861 1262 In-

1149 1278 1403 1335 grederein
1417 1277 1637 1335 requiem
1650 1283 1857 1326 meamz*
1906 1281 1911 1338 Ι

1149 1338 1278 1392 Quia
1298 1345 1345 1381 te
1366 1337 1462 1382 vidi
1496 1339 1683 1395 justum
1708 1351 1860 1383 coram
1906 1347 1911 1382 l

1151 1410 1227 1441 me
1266 1410 1326 1441 ex
1364 1396 1596 1442 omnibus
1629 1398 1856 1455 gentibus».

1146 1450 1211 1512 V.
1241 1456 1339 1501 Iste
1360 1465 1433 1501 est
1464 1458 1552 1513 qui
1584 1457 1860 1515 contempsit

1150 1516 1294 1560 vitam
1337 1516 1523 1568 mundi,
1571 1524 1621 1562 et
1664 1517 1860 1574 pervenit

1150 1576 1213 1619 ad
1246 1575 1476 1621 coelestia
1505 1576 1860 1633 regna.—Quia

1151 1641 1198 1679 te
1218 1634 1330 1740 vigi.
1372 1631 1543 1681 Gloria
1563 1636 1708 1682 Patri.
1744 1635 1858 1690 Quia

1151 1703 1198 1740 te
1218 1707 1263 1739 vt
1301 1708 1331 1740 1.

1209 1751 1267 1796 In
1303 1754 1445 1798 tertio
1477 1754 1749 1805 NoohirnO.
1772 1756 1857 1800 Ho-

1151 1812 1279 1857 milia
1301 1813 1351 1856 in
1378 1815 1705 1872 Evangelium
1729 1832 1738 1860 ε
1763 1814 1853 1858 Sint

1149 1869 1313 1926 lumbi,
1341 1874 1404 1917 de
1432 1876 1701 1921 Communi
1722 1878 1856 1933 primo

1150 1932 1271 1976 loeo.
1326 1930 1435 1978 xcii.
1506 1935 1660 1980 Nona
1714 1936 1855 1981 Lectio

1149 1991 1303 2035 sanciti
1359 1991 1487 2038 Petri
1546 1996 1770 2054 Episcopi
1815 2006 1852 2040 et

1148 2050 1393 2109 Martyris.

1154 2203 1272 2250 DIE
1295 2203 1540 2251 XXVIII.
1566 2201 1845 2254 NOVEMB.

1188 2274 1242 2317 In
1266 2274 1390 2321 festo
1413 2277 1462 2321 5.
1494 2279 1711 2336 Gregorii
1737 2279 1828 2325 111..

1260 2335 1423 2392 Papae
1450 2336 1758 2385 Confessoris.

1406 2396 1619 2456 Duplex.
1890 2396 1895 2441 l

1182 2467 1285 2511 Pro
1307 2467 1447 2514 clero
1471 2468 1623 2515 Urbis
1639 2474 1686 2515 el
1701 2468 1818 2513 alibi,

1206 2524 1391 2573 Omnia
1404 2529 1467 2574 de
1477 2531 1731 2578 Communi
1744 2531 1846 2574 Con-

1152 2585 1339 2632 fessoris
1376 2590 1554 2637 Pontis.
1582 2589 1660 2634 lxi.
1687 2600 1846 2648 praeter

1151 2649 1415 2701 sequentia.

1208 2706 1397 2753 Oratio,
1428 2705 1509 2752 Da
1527 2717 1818 2766 quaesumus,

1213 2766 1475 2813 Lectiones
1499 2770 1637 2825 primi
1663 2768 1844 2813 Nodtur-

380 2894 508 2927 anno
527 2885 592 2931 ab
610 2884 714 2942 ejus
732 2883 868 2931 obitu
886 2886 1090 2940 quadra·
1156 2894 1296 2931 rente.

1890 2654 1893 2677 l

1160 2827 1208 2870 ni
1264 2828 1328 2871 de
1395 2829 1641 2885 Scriptura
1703 2840 1843 2873 occur·
1890 2824 1895 2919 l
