2050 3392
365 239 481 291 Die
484 253 565 306 30
577 238 1058 307 Aug.‚S.Rosaea
1077 239 1137 291 S.
1150 239 1371 306 Maria,
1395 241 1547 311 Virg.
1594 256 1660 309 33
1668 254 1696 310 ς
1758 197 1764 386 ἱ

213 383 287 428 go
298 369 392 414 Dei
395 382 510 426 para
523 368 788 426 cognomen
801 368 929 427 adJe-

216 432 300 482 cit,
324 430 497 487 jubens
518 429 675 474 vocari
703 428 928 486 deinceps

219 490 405 535 Rosam
458 502 489 533 a
540 488 707 533 saneta
751 487 922 533 Maria.

216 546 559 605 Quinquennis
603 557 770 593 votum
824 561 928 606 per·

217 608 400 666 petuae
433 607 715 664 virginitatis
752 608 921 653 emisit.

216 667 460 719 Adultior,
495 680 555 712 ne
588 680 620 712 a
655 667 927 724 parentibus

217 728 288 773 ad
310 726 502 784 nuptias
521 726 782 784 cogeretur,
805 728 925 773 clam

217 786 413 833 sibimet
440 786 819 831 venustissimam
851 787 927 832 ca-

217 846 335 918 pitis
376 845 630 891 caesariem
682 846 921 903 praecidit.

214 905 419 969 jejuniis
470 919 615 963 supra
666 905 926 951 humenum

218 966 425 1009 modum
466 965 674 1019 addiota,
721 966 928 1023 integras

219 1024 628 1082 Quadragesimas
701 1024 927 1081 transegit

218 1098 350 1142 pane
379 1084 637 1136 abstinens,
673 1097 729 1129 ac
762 1085 926 1130 dietim

219 1144 338 1189 solis
360 1144 572 1201 quinque
589 1143 801 1202 grenulis
815 1144 926 1189 mali

219 1203 379 1249 citrini
402 1203 635 1250 vietitans.

281 1262 359 1323 ΚΤ.
389 1263 586 1320 Propter
605 1262 861 1316 veritetem,
879 1271 926 1309 et

219 1321 648 1375 mansuetudinem.
701 1331 747 1370 et
793 1323 929 1382 justi-

220 1383 371 1428 tiam:
403 1381 432 1407 ὓ
466 1383 528 1428 Ει
550 1382 754 1429 deducet
775 1392 821 1429 te
842 1384 928 1429 mi-

219 1441 433 1488 rabiliter
462 1442 657 1489 dextera
698 1450 791 1489 tua.
853 1439 922 1500 ἵ.

221 1501 393 1558 Specie
406 1508 503 1554 tua,
510 1510 555 1547 et
574 1501 925 1559 pulchritudine

222 1568 312 1606 tua
322 1560 526 1613 intende,
535 1561 760 1620 prospere
765 1562 928 1620 proce-

220 1621 297 1674 de,
306 1629 354 1666 et
365 1634 526 1679 regna.
534 1622 659 1667 —Et
670 1621 888 1667 deducet.

457 1710 623 1759 Lectio
645 1727 685 1758 v,

359 1799 571 1845 ABITU
621 1801 743 1847 tertii
786 1800 924 1847 Ordi-

390 1859 465 1904 nis
502 1860 654 1905 sanoti
688 1860 926 1906 Dominici

220 1916 486 1976 assumpto,
543 1919 765 1978 pristinas
803 1921 926 1965 vitae

221 1978 526 2024 austeritates
620 1980 685 2024 du
688 1979 876 2038 plicevit
915 1993 924 2024 :

221 2038 438 2097 oblongo
457 2039 811 2097 αερειτίπιόᾳιιε
831 2038 926 2084 cili-

220 2098 297 2144 cio
369 2098 571 2156 sparsim
640 2098 926 2144 minusculas

220 2172 339 2204 acus
378 2157 638 2204 innexuit·
690 2158 780 2203 sub
820 2158 925 2205 velo

219 2217 453 2264 coronam
475 2218 633 2263 densis
653 2217 828 2264 aculeis
856 2219 926 2263 in-

222 2278 404 2323 trorsus
447 2277 744 2324 obarmetam
786 2277 925 2324 inter-

221 2337 304 2382 diu
312 2335 558 2394 nooh'ique
565 2337 781 2395 gestavit.
807 2339 927 2383 San-

219 2396 329 2442 d'tae
374 2396 664 2443 Catharinae
706 2397 925 2443 Senensis

218 2456 373 2502 ardua
431 2469 650 2513 premens
709 2457 919 2514 vestigia,

219 2516 391 2562 catena
410 2515 575 2569 ferrea,
602 2516 774 2574 triplici
802 2530 925 2562 nexu

218 2575 561 2628 circumdue'ta,
603 2575 791 2622 lumbos
830 2576 924 2621 cin-

218 2637 299 2682 xit.
341 2635 595 2682 Leotulum
612 2636 924 2681 sibietruncis

218 2696 418 2742 nodosis
432 2695 715 2754 composuit,
735 2695 924 2740 horum·

218 2770 314 2814 que
362 2756 542 2802 vacuas
590 2754 924 2801 commissuras

213 2816 556 2875 fragminibus.
577 2814 803 2861 testatum
840 2815 923 2860 im-

213 2876 377 2936 plevit.
416 2874 651 2922 cellulam
671 2874 761 2920 sibi
775 2887 923 2930 angu-

992 369 1249 414 stiSSimam
1301 376 1468 414 struxit
1517 383 1567 414 m
1616 384 1697 414 ex-
1760 397 1763 428 3

991 428 1144 473 tremo
1186 428 1310 473 horti
1360 427 1554 486 engulo,
1611 429 1695 474 ubi

991 487 1268 533 coelestium
1305 489 1697 545 contemplationi

991 548 1166 599 dedita,
1204 548 1379 592 crebris
1414 547 1690 622 disciplinis,

991 607 1161 659 inedia,
1177 608 1346 665 vigiliis
1359 606 1695 665 corpusculum

990 665 1265 718 extenuans,
1292 676 1342 713 at
1364 668 1532 726 spiritu
1558 681 1697 725 vege-

991 726 1105 778 teta,
1171 726 1323 772 larvas
1383 728 1689 781 daemonum,

990 784 1225 842 frequenti
1239 786 1495 833 certemine
1511 788 1689 840 vietrix,

989 844 1228 949 {gipevide
1246 846 1471 903 protrivit,
1486 862 1542 892 ac
1559 861 1697 905 supe-

1044 905 1109 949 vit

1055 966 1124 1026 R?
1149 963 1366 1010 Dilexisti
1383 966 1631 1042 justitiam,
1646 975 1694 1012 et

991 1020 1133 1068 odisti
1154 1023 1485 1080 iniquitatem:
1527 1025 1695 1070 Pro-

991 1082 1154 1140 pterea
1172 1082 1307 1127 unxit
1330 1090 1376 1129 te
1394 1084 1538 1136 Deus,
1563 1084 1696 1130 Deus

991 1151 1103 1188 tuus
1166 1141 1275 1189 oleo
1337 1142 1559 1190 laetitiae.
1628 1144 1687 1204 js.

994 1202 1192 1260 Propter
1211 1202 1467 1257 veritetem,
1494 1212 1540 1249 et
1562 1217 1695 1250 man-

992 1262 1305 1316 suetudinem,
1317 1271 1365 1309 et
1378 1263 1628 1323 Justitiam.
1634 1290 1695 1297 —

994 1322 1261 1381 Propterea.

1222 1413 1386 1463 Lectio
1412 1416 1465 1462 vi.

1160 1500 1207 1545 G
1222 1500 1264 1544 R
1275 1500 1296 1546 Ῑ
1307 1501 1352 1546 Τ
1365 1501 1409 1545 U
1425 1502 1502 1546 DI
1516 1501 1563 1546 N
1577 1501 1623 1547 U
1637 1502 1690 1546 M

1189 1561 1445 1613 tormentis,
1468 1562 1690 1607 domesti-

990 1617 1156 1664 corum
1198 1618 1461 1673 insultibus,
1507 1621 1689 1679 lingua-

991 1691 1096 1723 rum
1118 1676 1353 1726 morsibus
1373 1679 1472 1725 dire
1491 1693 1522 1726 a
1556 1680 1685 1733 itata,

990 1739 1205 1783 nondum
1221 1739 1336 1784 satis
1352 1752 1439 1796 pro
1460 1752 1509 1784 m
1562 1740 1626 1786 'to
1643 1754 1694 1786 se

989 1798 1138 1855 affligi
1216 1798 1513 1856 querebatur.
1605 1800 1692 1845 Per

988 1858 1262 1914 quindecim
1290 1872 1442 1904 annos
1469 1858 1533 1905 ad
1565 1859 1695 1918 plus-

989 1918 1122 1962 culas
1137 1917 1277 1963 horas
1294 1919 1585 1966 desolatione
1597 1919 1694 1978 spi-

987 1977 1118 2032 ritus,
1140 1985 1187 2023 et
1202 1978 1420 2024 ariditate
1435 1979 1691 2026 miserrime

988 2037 1341 2092 contabescens,
1378 2039 1486 2084 forti
1527 2039 1689 2085 enimo

988 2097 1094 2144 tulit
1145 2097 1324 2156 agones
1363 2099 1494 2144 omni
1539 2107 1690 2145 morte

986 2156 1258 2204 amariores,
1326 2158 1512 2204 Exinde
1531 2159 1689 2217 coepit

988 2217 1204 2275 supernis
1222 2218 1468 2264 abundate
1491 2219 1681 2269 deliciis,

988 2275 1206 2322 illustrari
1246 2277 1519 2330 visionibus,
1559 2279 1687 2323 colli·

988 2336 1212 2394 quescere
1227 2337 1495 2396 Seraphicis
1511 2337 1690 2382 ardori-

986 2397 1090 2442 bus.
1158 2397 1344 2454 Angelo
1361 2395 1558 2446 tutelari,
1583 2409 1689 2440 san-

986 2456 1094 2502 o’tae
1140 2456 1429 2502 Catharinae
1472 2455 1683 2507 Senensi,

986 2516 1171 2574 Virgini
1188 2516 1427 2574 Deiparae
1441 2514 1561 2559 inter
1576 2513 1691 2560 assi-

987 2577 1110 2621 duas
1130 2574 1456 2633 apparitiones
1478 2573 1592 2617 mire
1622 2574 1691 2618 fa-

987 2635 1193 2686 milieris,
1200 2648 1230 2679 a
1243 2634 1434 2680 Christo
1450 2633 1538 2678 has
1551 2647 1689 2679 voces

986 2693 1152 2739 audire
1167 2694 1361 2740 meruit:
1386 2694 1517 2739 Rosa
1533 2695 1690 2739 cordis

987 2755 1092 2806 mei,
1120 2761 1172 2800 tu
1204 2754 1318 2799 mihi
1358 2767 1536 2811 sponsa
1567 2762 1685 2801 esto,

988 2814 1206 2872 Denique
1230 2814 1405 2872 Sponsi
1435 2814 1575 2872 hujus
1605 2828 1688 2872 pa-

985 2873 1149 2919 radiso
1198 2873 1392 2921 feliciter
1439 2873 1689 2928 inveotam,
