2050 3392
332 276 425 327 142

389 387 581 429 Stantes
610 387 744 427 erant
779 380 925 437 pedes
955 390 1041 421 no-

332 445 429 547 stri.
453 442 480 466 *
497 443 544 487 in
578 441 709 487 atriis
731 440 824 485 tuis
848 437 1040 501 Jerusa-

350 517 442 548 ern.

386 560 663 625 Jerusalem,
711 571 835 615 quae
880 555 1040 601 aedifi-

334 622 472 667 catur
511 627 563 664 ut
600 619 800 663 civitas:
836 614 863 639 ⁴*
905 616 1040 671 cujus

334 678 636 739 participatio
696 678 799 735 ejus
860 675 910 719 in
970 674 1042 719 id·

332 740 505 798 ipsum.

396 799 513 843 Illuc
552 796 679 841 enim
728 792 1041 840 ascenderunt

321 858 497 909 tribus,
526 857 672 901 tribus
705 855 799 898 Dfii
821 868 831 898 ε
854 851 883 876 ⁴*
914 852 1042 897 testi-

333 917 547 963 monium
569 915 710 960 Israel
731 915 794 959 ad
816 912 1044 958 confiten-

336 978 451 1022 dum
474 975 653 1021 nomini
677 973 886 1019 Domini.

394 1036 522 1091 Quia
551 1035 642 1079 illic
665 1033 887 1079 sederunt
908 1032 1054 1076 sedes'

338 1096 386 1141 in
417 1095 609 1154 judicio,
657 1093 685 1116 ⁴*
721 1094 857 1138 sedes
902 1103 1046 1149 super

337 1157 537 1201 domurn
560 1153 745 1208 David.-

400 1213 587 1269 Rogate
628 1226 751 1270 quae
780 1212 844 1257 ad
875 1222 1043 1267 pacem

339 1281 450 1320 sunt
459 1271 721 1342 Jerusalem
746 1286 755 1316 :
778 1269 805 1294 ⁴*
826 1278 873 1314 et
893 1271 1044 1314 abun-

339 1333 504 1379 damia
523 1330 826 1387 diligentibus
849 1337 894 1373 te
914 1343 923 1373 :

354 1409 360 1413 ·
400 1393 503 1436 Fiat
520 1404 613 1448 pax
632 1391 679 1434 in
697 1388 867 1434 virtute
888 1396 971 1432 tua
990 1402 999 1431 :
1015 1385 1044 1409 ⁴*

338 1461 387 1498 et
436 1448 732 1496 abundantia
762 1449 809 1492 in
838 1447 1044 1492 turribus

340 1512 449 1557 tuis,

361 1595 370 1604 ·
402 1568 793 1627 Propter'i'ratres
823 1579 969 1616 meos,
998 1573 1045 1610 et

341 1629 584 1689 prox-imos
604 1641 749 1679 meos,
770 1625 797 1649 *
818 1625 1048 1683 loquebar

340 1704 509 1750 pacem
531 1689 593 1734 de
612 1695 659 1733 te
682 1702 691 1732 :

404 1751 602 1807 Propter
621 1749 819 1793 domum
838 1746 932 1790 Drii
956 1744 1047 1789 Dei

343 1809 505 1861 nostri,
522 1807 549 1831 *
571 1807 778 1865 quaesivi
801 1806 928 1850 bona
941 1804 1040 1848 tibi.

407 1871 527 1914 Ai'ia.
553 1868 610 1911 In
630 1868 828 1911 domum
852 1863 1045 1909 Domini

343 1926 572 1974 laetantes
594 1926 780 1971 ibimus.

407 1986 698 2044 Antiphona.
722 1984 818 2038 Qui
840 1981 1043 2028 habitas.

525 2080 739 2126 psalmus
760 2077 894 2124 cxxii.

601 2173 648 2209 te
695 2162 842 2208 levavi
893 2160 1058 2207 ocuios

533 2237 678 2276 meos,
706 2220 734 2245 ⁴*
766 2222 846 2280 qui
870 2221 1058 2265 habitas

346 2286 394 2331 in
415 2285 571 2331 coelis.

407 2346 532 2390 Ecce
571 2343 692 2388 sicut
740 2340 864 2387 oculi
896 2338 1053 2385 servo-

346 2419 465 2456 rum,
499 2402 526 2426 *
558 2403 606 2447 in
637 2400 858 2446 manibus
898 2399 1053 2443 domi-

340 2464 518 2517 ,norum
541 2461 749 2512 suorum,

366 2528 371 2535 '
406 2522 537 2568 Sicut
588 2520 712 2567 oculi
763 2517 959 2563 ancillae
1005 2517 1054 2598 ir:

347 2581 568 2626 manibus
600 2579 824 2624 dominae
855 2590 1001 2621 suae:

350 2642 418 2685 ita
447 2640 570 2685 oculi
614 2639 759 2683 nostri
791 2638 855 2682 ad
889 2634 1054 2680 Domi·

349 2711 463 2743 num
488 2699 643 2742 Deum
665 2705 880 2741 nostrum
900 2697 1056 2740 donec

348 2756 625 2801 misereatur
644 2757 804 2801 nostri.

361 2836 369 2843 ·
412 2813 635 2858 Miserere
651 2815 811 2865 nostri,
832 2813 1053 2864 Domine,

349 2870 569 2916 miserere
584 2874 750 2918 nostri:
767 2872 794 2896 *
812 2874 924 2931 quia
940 2873 1061 2917 mul-

705 257 878 311 Ferz'a
903 255 1072 310 tertia
1096 254 1180 307 ad
1208 253 1482 322 Vesperas.

1106 384 1208 426 tum
1250 373 1414 432 repleti
1449 385 1617 418 sumus
1652 373 1825 431 despe-

1107 435 1265 479 ctione
1292 449 1302 478 ε

1166 494 1294 548 Quia
1314 492 1518 542 multum
1540 492 1726 549 repleta
1749 499 1826 537 est

1108 553 1269 599 anima
1280 550 1492 597 nostrat*
1506 551 1834 613 opprobrium-

1110 611 1480 663 abundantibus,
1503 619 1551 655 et
1573 610 1826 668 despectio

1109 672 1338 730 superbis.
1648 681 1655 706 1

1174 731 1297 776 Ana.
1312 730 1409 785 Qui
1431 729 1625 774 habitas
1647 729 1698 774 in
1718 742 1828 773 coe-

1112 792 1181 844 lis,
1208 789 1429 836 miserere
1449 790 1605 834 nobis.
1653 845 1655 848 ι

1173 850 1464 906 Antiphona.
1495 847 1823 906 Adjutorium.

1276 927 1492 971 Psalmus
1514 926 1669 971 cxxiii.

1117 996 1345 1161 ῃῐδῐ
1369 996 1482 1055 quia
1498 996 1641 1042 Dfius
1658 1005 1760 1042 erat
1778 996 1837 1041 in‘

1287 1058 1426 1102 nobis
1441 1091 1452 1108 .
1511 1057 1642 1101 dicat
1698 1070 1839 1108 nunc*

1141 1120 1244 1162 srae’
1277 1115 1332 1162 z*
1348 1116 1437 1161 nisi
1454 1115 1569 1173 quia
1585 1115 1833 1178 Dominus¹

1056 1180 1059 1183 ⁴
1116 1184 1215 1222 erat
1238 1177 1287 1221 in
1306 1175 1458 1226 nobis,

1175 1236 1298 1281 Cum
1312 1234 1593 1291 exurgerent
1606 1234 1837 1280 homines.

1115 1297 1163 1340 in
1185 1308 1286 1347 nos,
1309 1292 1336 1317 ⁴*
1354 1291 1476 1339 sorte
1509 1294 1640 1339 vivos
1662 1294 1828 1351 deglu-

1117 1356 1280 1401 tissent
1303 1368 1391 1398 nos
1418 1368 1429 1398 ε

1174 1415 1301 1459 Cum
1316 1411 1593 1458 irasceretur
1606 1411 1830 1458 furore&-

1115 1488 1220 1519 rum
1242 1475 1290 1517 in
1311 1487 1412 1525 nos,
1433 1471 1460 1495 *
1477 1470 1678 1517 forsitan
1699 1485 1829 1529 aqua

1114 1533 1437 1579 absorbuisset
1458 1545 1563 1576 nos.

1175 1592 1456 1638 Torrentem
1523 1588 1838 1649 pertransivit.

1115 1653 1278 1700 anima
1322 1660 1485 1698 nostra
1513 1665 1524 1696 :
1558 1648 1588 1673 ¹*
1629 1649 1829 1695 forsitan

1117 1713 1442 1772 pertransisset
1465 1710 1630 1756 anima
1662 1719 1828 1755 nostra

1117 1787 1294 1831 aquam
1316 1770 1675 1816 intolerabilem.

1180 1831 1466 1877 Benedictus
1525 1830 1764 1875 Dominus
1801 1826 1828 1851 ⁴*

1120 1894 1200 1950 qui
1217 1905 1311 1937 non
1326 1891 1458 1937 dedit
1474 1903 1563 1934 nos
1581 1890 1629 1934 in
1646 1888 1831 1946 captio·

1121 1967 1227 1997 nem
1251 1951 1472 1997 dentibus
1492 1948 1677 1994 eorum.

1178 2012 1355 2056 Anima
1385 2016 1550 2054 nostra
1580 2009 1702 2053 sicut
1724 2008 1835 2064 passs

1120 2085 1195 2117 ser
1225 2071 1388 2127 erepta
1418 2075 1488 2113 est
1511 2065 1538 2090 ⁴
1565 2069 1627 2113 de
1658 2066 1839 2124 laqueo

1123 2130 1396 2175 venantium
1425 2143 1435 2175 :

1183 2190 1407 2246 Laqueus
1440 2186 1678 2232 contritus
1713 2182 1832 2238 esu*

1121 2258 1168 2294 et
1190 2262 1278 2293 nos
1299 2246 1480 2292 liberati
1502 2259 1683 2292 sumuS.
1832 2243 1838 2249 '

1182 2307 1488 2365 Adjutorium
1525 2314 1743 2350 nostrum
1780 2304 1837 2349 in

1126 2368 1317 2413 nomine
1340 2365 1549 2416 Domini,
1570 2363 1598 2387 ⁴
1616 2365 1699 2421 qui
1721 2363 1832 2409 fecit

1124 2428 1310 2479 coelum
1331 2433 1378 2471 et
1400 2432 1589 2469 terram.

1188 2489 1307 2534 Asia.
1369 2483 1682 2542 Adjutorium
1748 2495 1832 2527 no-

1125 2553 1276 2599 strum
1296 2544 1345 2590 in
1366 2543 1560 2589 nomine
1584 2542 1797 2588 Domini.

1188 2606 1477 2663 Antiphona.
1505 2600 1727 2647 Benefac.

1292 2683 1505 2726 psalmus
1526 2682 1678 2725 cxxiv.

1266 2750 1355 2819 Ul·
1374 2746 1630 2817 consid-unt
1661 2748 1710 2791 in
1735 2745 1836 2792 Do-

1293 2821 1443 2858 mino.
1506 2815 1629 2852 sicut
1695 2818 1835 2851 mons

1129 2871 1245 2917 Sion
1262 2885 1272 2916 :
1287 2869 1314 2893 *
1336 2881 1433 2913 non
1455 2865 1836 2912 commovebitur
