2050 3392
151 206 269 214 -ἦ-

304 257 424 309 Die
449 259 716 353 Jo‘Nov„
734 261 794 312 S.
814 261 1082 315 Andreae
1104 264 1390 331 Avellini,
1421 265 1576 336 Conf-
1606 282 1704 334 533

211 388 413 436 herdica
440 388 667 436 virtutum
694 392 926 451 exempla,
1209 419 1377 468 Lecho
1399 420 1445 467 ix

209 450 503 508 prophetiae
551 465 744 509 quoque
801 454 932 500 dono
1449 455 1458 465 ‘

210 510 425 562 illustris,
448 524 547 568 quo
566 519 613 556 et
633 512 814 559 secreta
828 513 932 560 cdr·
1171 569 1185 580 ·
1232 514 1524 567 RYPHON,
1548 515 1702 561 Decio

210 571 365 623 dium,
391 578 442 616 et
470 571 686 617 absentia
705 580 752 619 et
772 572 931 619 futura
1018 602 1021 608 -
1067 575 1121 601 ‘⁴
1160 576 1175 601 ²
1257 575 1553 633 imperatdre,
1591 589 1701 620 cum

210 630 479 689 prospexit,
512 632 650 677 annis
678 634 848 691 gmviS,
881 641 928 678 et

211 691 462 737 labdribus
492 689 685 744 fractus,
710 693 776 738 ad
795 707 929 738 aram

209 749 538 796 celebraturus
568 752 617 795 in
653 753 804 798 verbis
839 754 929 798 illis

210 809 356 856 tertio
376 811 615 869 repetitis:
635 812 849 858 Introsbo
863 815 927 858 ad

208 870 364 915 altAre
395 870 502 923 Dei,
536 872 785 929 repentino
811 886 927 930 apo·

209 930 399 988 plexiae
458 931 628 976 morbo
682 932 926 990 correptus

207 998 283 1036 est
306 1003 319 1043 ;
354 1003 469 1035 mox
501 990 808 1037 sacramentis
839 993 925 1038 rite

208 1048 446 1101 munitus,
467 1050 785 1107 placidissime
806 1052 926 1097 inter

207 1123 327 1155 suos
348 1108 561 1154 animam
581 1109 767 1156 efflavit.
809 1112 923 1169 Ejus

207 1183 387 1227 corpus
421 1168 628 1227 Neapoli
653 1170 703 1216 in
726 1171 923 1216 ecclesia

206 1229 365 1274 sancti
391 1229 525 1274 Pauli
546 1230 610 1274 ad
632 1230 749 1275 haec
774 1244 923 1289 usque

207 1289 433 1347 tempora
461 1303 521 1333 eo
542 1288 922 1347 frequentissimo

206 1347 379 1407 pdpuli
440 1348 676 1394 concursu
734 1350 916 1403 cdlitur,

204 1412 305 1465 ‘quo
328 1407 419 1453 fuit
440 1407 630 1453 elatum.
679 1409 820 1454 Illum
841 1410 922 1455 de-

204 1468 354 1525 nique
374 1467 640 1525 insignibus
670 1469 716 1513 in
748 1470 844 1515 vita
873 1478 920 1516 et

204 1534 316 1586 post
339 1535 544 1572 mortem
566 1527 800 1574 mirdculis
829 1529 919 1574 cla-

202 1600 313 1632 rum
367 1586 588 1632 Clemens
638 1588 920 1634 undecimus

205 1646 431 1691 Pdntifex
452 1646 687 1692 maximus
719 1648 917 1694 solemni

201 1707 298 1752 ritu
356 1706 643 1752 Sanctdrum
699 1707 918 1767 catalogo

201 1766 473 1825 adscripsit.

264 1827 339 1889 R7.
391 1825 487 1871 Iste
536 1827 684 1873 homo
725 1828 915 1887 perfecit

199 1885 369 1932 &mnia
399 1899 522 1942 quae
553 1886 742 1933 locutus
771 1897 843 1934 est
873 1889 914 1934 ei

201 1946 352 1997 Deus,
398 1954 446 1991 et
495 1946 610 1992 dixit
658 1948 721 1992 ad
771 1962 913 1993 eum:

203 2004 461 2062 Ingredere
493 2006 541 2050 in
576 2005 786 2063 requiem
820 2022 914 2053 me·

199 2078 282 2109 am
304 2077 315 2109 :
341 2065 371 2089 ἣ
390 2064 518 2118 Quia
545 2073 592 2110 te
619 2066 714 2111 vidi
731 2066 911 2123 justum

200 2137 366 2170 coram
387 2136 466 2177 me
485 2138 543 2169 ex
559 2124 780 2172 &mnibus
799 2126 913 2184 gen-

200 2184 344 2229 tibus.
398 2179 462 2245 JV.
493 2183 587 2229 Iste
606 2192 678 2230 est
699 2187 778 2243 qui
801 2199 913 2230 con-

199 2242 398 2301 tempsit
447 2244 593 2288 vitam
639 2245 821 2297 mundi,
866 2253 911 2290 et

196 2303 414 2361 pervenit
466 2304 530 2348 ad
577 2304 798 2350 coelestia
843 2319 913 2350 re-

194 2376 309 2421 gna.
324 2362 508 2417 —Quia
527 2370 575 2410 te
593 2364 689 2409 vidi
709 2365 905 2423 justum.

205 2422 368 2469 OEdria
397 2422 540 2470 Patri.
593 2423 721 2482 Quia
745 2432 792 2472 tc
817 2425 910 2470 vidi

190 2481 395 2540 justum.

268 2543 321 2587 In
354 2546 493 2588 tertio
523 2548 788 2601 Nocturno,
815 2548 915 2593 Ho-

204 2605 333 2649 milia
358 2606 407 2649 in
427 2607 743 2662 Evangelium
768 2620 778 2649 ε
805 2604 908 2649 Sint

1151 685 1154 690 ,
1247 635 1369 696 Jesu
1420 635 1596 680 Christi
1647 635 1699 680 fi-

1018 687 1058 720 ‘⁴
1172 708 1185 718 Χ
1255 695 1366 739 dem
1399 695 1693 752 praedicans,

991 764 1158 797 omnes
1179 754 1241 797 ad
1262 754 1364 811 ejus
1385 755 1564 800 cultum
1595 768 1700 812 per-

990 810 1165 857 ducere
1201 813 1459 865 conaretur,
1498 828 1529 859 a
1566 814 1699 859 Decii

989 871 1269 917 satellitibus
1309 874 1691 931 comprehensus,

989 931 1195 988 primum
1217 930 1420 989 equuleo
1435 934 1692 990 torquetur,

988 999 1036 1035 et
1060 990 1248 1047 ungulis
1269 990 1426 1037 ferreis
1454 993 1698 1037 excarnifi-

987 1050 1160 1095 catur:
1203 1050 1376 1096 deiude
1417 1051 1697 1097 sublimibus

988 1109 1192 1166 pedibus
1215 1110 1530 1156 candentibus
1551 1112 1697 1158 clavis

986 1170 1217 1221 confixus,
1240 1169 1443 1217 fustibus
1463 1172 1687 1224 caeditur,

985 1237 1034 1274 et
1055 1229 1262 1276 admdtis
1283 1230 1466 1276 facibus
1490 1231 1695 1277 ardenti·

985 1290 1076 1334 bus
1107 1288 1332 1336 aduritur.
1414 1290 1552 1345 Quae
1582 1305 1694 1337 cum

984 1348 1148 1395 &mnia
1168 1349 1350 1396 fdrtiter
1373 1350 1601 1396 ferentem
1629 1352 1694 1397 vi-

985 1408 1133 1455 disset
1171 1410 1418 1467 Respicius
1455 1409 1685 1464 tribunus,

984 1469 1049 1514 ad
1091 1468 1267 1514 Christi
1310 1469 1506 1515 deini
1546 1470 1691 1516 fidem

982 1528 1251 1580 conversus,
1285 1529 1446 1575 statim
1475 1543 1527 1575 se
1553 1530 1691 1576 Chri-

982 1588 1190 1633 stianum
1212 1603 1315 1634 esse
1336 1589 1494 1645 palam
1512 1589 1690 1647 profes-

982 1661 1064 1693 sus
1072 1656 1155 1692 est.
1191 1647 1284 1702 Qui
1295 1647 1420 1692 vatic
1434 1648 1683 1701 cruciatus,

982 1722 1079 1753 una
1098 1721 1208 1752 cum
1230 1707 1489 1766 Tryphdne
1508 1709 1691 1767 rapitur

979 1768 1189 1829 adJovis
1205 1767 1511 1814 simulacrum
1531 1782 1541 1813 :
1564 1782 1689 1827 quae

981 1827 1141 1872 statua
1199 1827 1460 1885 Tryphdne
1521 1828 1689 1874 orante

979 1887 1200 1933 cdncidit.
1247 1886 1407 1942 Quare
1429 1888 1688 1946 plumbatis

979 1948 1300 1993 crudelissime
1323 1948 1523 2002 contusi,
1552 1950 1688 1994 nobi-

977 2007 1210 2053 lissimum
1254 2009 1531 2066 martyrium
1574 2022 1687 2054 con-

976 2066 1126 2113 secuti
1140 2077 1261 2119 sunt,
1270 2077 1441 2125 quarto
1454 2069 1569 2115 Idus
1584 2069 1631 2114 N
1634 2083 1687 2115 o-

978 2126 1193 2172 vembris.
1243 2128 1432 2175 Eddem
1453 2129 1531 2174 die
1552 2129 1685 2187 virgo

976 2188 1227 2244 quaedam,
1247 2188 1322 2233 cui
1345 2201 1518 2233 nomen
1533 2188 1688 2248 Nym-

977 2246 1088 2303 pha,
1114 2260 1224 2291 cum
1237 2247 1408 2309 Jesum
1440 2248 1684 2294 Christum

978 2319 1140 2351 verum
1191 2320 1295 2352 esse
1346 2307 1504 2352 Deum
1556 2308 1685 2352 clara

976 2379 1092 2411 voce
1101 2366 1361 2418 testaretur,
1368 2366 1578 2424 martyrii
1589 2367 1687 2423 pal·

977 2439 1106 2470 mam
1140 2426 1203 2470 ad
1239 2424 1519 2484 virginitatis
1548 2424 1685 2473 cord-

976 2496 1090 2530 nam
1110 2484 1339 2541 adjunxit.

1036 2544 1109 2590 Te
1130 2545 1289 2590 Deum
1310 2544 1577 2592 laudamus.
1606 2559 1676 2604 17.

1041 2603 1096 2648 In
1123 2604 1368 2648 Laudibus
1399 2604 1452 2648 fit
1484 2604 1671 2650 Comm.

193 2659 362 2715 lumbi,
423 2667 486 2709 de
542 2666 713 2709 eodem
771 2664 913 2709 Com-
977 2663 1506 2732 SS.1x1art.Tryphonis,
1523 2676 1568 2715 et
1582 2680 1676 2715 soc.

200 2724 348 2770 mUni·
368 2720 482 2771 xcii·

978 2725 1101 2771 Aria.
1134 2722 1290 2769 Vestri
1320 2724 1476 2781 capilli
1510 2724 1681 2785 capitis

203 2787 294 2830 Pro
368 2782 551 2830 sanctis
625 2783 915 2840 Martyribus
974 2796 1142 2829 omnes
1162 2783 1395 2829 numerati
1422 2794 1567 2832 sunt:
1596 2800 1682 2833 no·

257 2845 539 2964 {glyssgssge'
590 2843 820 2900 Respici0‚
867 2851 913 2888 et
940 2860 943 2871 ·
974 2841 1056 2888 lite
1082 2843 1272 2889 timere:
1295 2844 1455 2891 multis
1483 2847 1683 2905 passeri-

936 2908 945 2933 ¹
974 2902 1063 2950 bus
1084 2903 1303 2952 meliores
1321 2905 1437 2952 estis
1456 2920 1555 2956 vos-
