2050 3392
616 265 913 318 Commune
940 265 1360 335 Apostolorum.

221 372 370 442 mum,
397 388 470 433 vel
492 370 668 440 fratres,
695 395 778 432 aut
802 387 931 433 sore-
955 370 980 373 k

220 463 308 501 res,
354 456 439 493 aut
480 455 676 505 patrem,
713 454 795 491 aut
832 460 932 491 ma-

220 516 447 560 trem,aut
462 506 671 559 uxerem,
690 513 773 551 aut
790 505 925 558 fssios,

219 576 305 613 aut
345 580 487 624 agros
523 574 717 623 propter
756 579 931 610 nomen

221 641 397 679 meum.
420 626 694 682 centuplum
711 625 923 681 accipiet,

220 694 269 731 et
291 687 435 731 vitam
455 685 696 730 aeternam
719 683 931 741 posside-

221 746 304 791 bit.
361 746 519 790 Locus
564 745 652 789 iste
697 758 806 789 cum
850 744 929 789 illa

218 805 456 851 sententia
488 804 720 861 congruit,
756 804 805 847 in
836 816 932 860 qua

220 864 440 909 Salvator
460 864 669 920 loquitur
694 878 704 907 :
724 863 835 907 Non
855 877 933 908 ve-

219 925 267 969 ni
291 936 461 982 pacem
492 923 691 974 mittere,
717 923 803 967 sed
831 921 933 979 gla-

219 984 367 1029 dium.
405 982 525 1026 Veni
559 982 683 1026 enirn
714 981 933 1038 separere

219 1043 466 1089 hominem
499 1055 528 1086 a
556 1049 692 1098 patre
733 1054 834 1093 suo,
881 1048 929 1086 et

219 1111 423 1147 matrem
456 1115 486 1145 a
525 1101 635 1152 filia,
672 1108 718 1145 et
760 1114 929 1145 nurum

218 1176 250 1207 a
269 1175 410 1207 soem
431 1175 440 1205 :
464 1168 510 1205 et
529 1159 702 1204 inimici
725 1160 930 1205 heminis

218 1220 470 1266 domestici
512 1221 624 1277 ejus.
679 1219 771 1274 Qui
814 1232 929 1277 ergo

217 1288 418 1339 propter
462 1279 605 1323 fidem
647 1279 834 1331 Christi,
881 1286 928 1324 et

219 1338 623 1397 praedicatienem
666 1338 924 1396 Evangelii,

218 1413 389 1445 omnes
409 1397 607 1443 affeetus
629 1397 926 1455 contempse-

218 1459 327 1510 rint,
342 1466 488 1515 atque
498 1456 684 1502 divitias
697 1465 742 1502 et
754 1458 926 1502 saeculi

217 1516 490 1575 voluptates
517 1530 527 1562 :
551 1517 625 1561 isti
647 1516 923 1574 centuplum

215 1577 515 1633 recipient,et
529 1577 673 1620 vitam
687 1576 927 1621 aeternam

217 1636 548 1694 possidebunt.

219 1719 224 1724 ·
285 1701 362 1761 Ry,
397 1695 479 1741 Isti
510 1702 620 1741 sunt
650 1694 732 1740 viri
754 1694 921 1748 saneti,

216 1769 344 1814 quos
380 1755 523 1812 elegit
546 1755 681 1800 Diius
710 1756 757 1799 in
780 1756 930 1800 chari-

215 1814 322 1860 tete
344 1828 440 1859 non
461 1814 585 1866 fieta,
612 1822 659 1859 et
680 1815 811 1859 dedit
839 1815 929 1860 illis

214 1874 424 1933 gleriarn
464 1874 798 1931 sempiternam
846 1888 857 1919 z
907 1884 936 1908 ·*

215 1935 440 1988 Quorum
503 1933 719 1978 doe‘trina
777 1932 927 1991 fulget

217 1992 449 2045 Ecclesia,
488 2000 540 2037 ut
570 1993 668 2037 sole
700 1993 821 2037 luna.
864 1999 924 2062 γ

218 2052 388 2098 Saneti
429 2064 515 2109 per
544 2052 688 2097 fidem
719 2052 928 2097 vicerunt

217 2125 371 2170 regna
398 2125 409 2156 ε
442 2110 624 2168 operati
656 2118 766 2156 sunt
793 2111 930 2169 Justi-

216 2172 351 2216 tiam.
391 2196 449 2204 —-
489 2170 718 2225 Quorum.
771 2170 931 2225 Gloria

218 2230 367 2276 Patri.
381 2230 609 2284 Quorum.
640 2238 929 2287 BenedjfflQ

214 2291 303 2336 Ad
324 2289 613 2335 societatem.
645 2299 648 2302 ·

458 2389 623 2437 Leetio
645 2392 704 2439 ix.

377 2466 933 2525 Xoceasienehujussen-

224 2472 374 2629 Q
406 2527 579 2572 tentiae
617 2528 813 2585 quidam
863 2527 933 2571 in·

217 2585 336 2632 trod
371 2593 487 2630 cunt
507 2586 634 2630 mille
650 2600 800 2631 annos
823 2593 931 2642 post

216 2644 631 2698 resurreetienem‚
701 2645 924 2697 dicentes,

216 2714 343 2751 tunc
363 2705 500 2748 nobis
521 2703 796 2760 centuplum
829 2703 933 2749 om-

212 2765 358 2810 nium
400 2776 567 2815 rerum,
606 2776 723 2821 quas
755 2762 933 2807 dimisi-

213 2837 344 2874 muS,
360 2829 408 2866 et
418 2821 563 2866 vitam
576 2822 815 2866 aeternam
829 2835 933 2868 esse

207 2880 539 2931 reddendam:
555 2894 655 2926 non
668 2880 933 2940 intelligen-

1612 282 1701 319 XV.

998 395 1080 440 tes,
1109 389 1255 445 quod,
1282 388 1321 432 si
1349 388 1397 432 in
1418 390 1614 434 caeteris
1635 390 1705 433 di-

995 461 1093 504 gna
1110 448 1168 491 sit
1189 446 1505 505 repromissio,
1525 449 1571 492 in
1588 449 1706 494 uxo·

996 508 1125 551 ribus
1156 507 1385 565 appereat
1418 506 1664 564 turpitudo
1691 521 1702 552 ε

996 574 1049 611 ut
1071 567 1151 623 qui
1173 580 1318 611 unam
1336 580 1424 624 pro
1440 567 1550 611 Dfio
1567 565 1704 610 dimi-

995 627 1120 678 serit,
1143 633 1333 670 centum
1351 627 1545 683 recipiat
1566 626 1615 670 in
1631 626 1706 671 fu-

997 684 1114 730 turo.
1154 686 1329 731 Sensus
1360 699 1474 742 ergo
1504 687 1591 731 iste
1612 693 1701 731 est:

996 744 1091 798 Qui
1113 744 1319 789 carnelia
1349 758 1435 802 pro
1460 745 1703 791 Salvatere

997 804 1238 856 dimiserit,
1284 804 1544 861 spiritualia
1588 805 1702 850 reci-

997 863 1097 920 piet
1117 877 1126 907 :
1141 877 1264 920 quae
1281 864 1638 921 comparatiene
1652 872 1700 909 et

996 922 1167 969 merito
1187 923 1259 967 sui
1291 923 1358 967 ita
1387 930 1538 976 erunt,
1565 924 1700 981 quasi

996 982 1035 1026 si
1068 995 1214 1038 parvo
1246 981 1442 1027 numero
1482 982 1703 1028 centena-

995 1041 1093 1086 rius
1114 1039 1336 1085 numerus
1352 1042 1665 1098 comparetur.

1068 1108 1255 1155 Deinde
1286 1110 1457 1155 dicitur
1488 1110 1710 1169 Hymnus

996 1160 1250 1205 Te·Deum
1271 1158 1535 1206 laudamus.
1566 1175 1631 1221 17.

1185 1254 1262 1290 AD
1305 1255 1565 1291 LAUDES.

1093 1339 1141 1375 et
1164 1345 1248 1389 per
1271 1332 1443 1386 Horas,
1471 1334 1619 1380 Asiae.

1057 1413 1093 1444 1.
1134 1398 1246 1444 Hoc
1282 1406 1351 1443 est
1394 1397 1699 1456 praeceptum

994 1472 1169 1517 meum,
1195 1465 1283 1503 *ut
1304 1458 1510 1515 diligatis
1531 1458 1695 1511 Invice,

993 1517 1116 1562 sicut
1131 1517 1273 1563 dilexi
1293 1531 1391 1563 vos.
1428 1528 1545 1572 psal,
1563 1517 1701 1563 Dfius

994 1576 1222 1644 regnavit,
1257 1599 1367 1631 cum
1389 1588 1590 1646 reliquis.
1604 1582 1676 1624 Ι8-

1054 1650 1095 1680 2.
1121 1635 1354 1691 Majerem
1377 1635 1659 1681 chantetem
1682 1648 1709 1674 -κ-

994 1710 1138 1741 nemo
1152 1695 1309 1748 habet,
1318 1704 1370 1740 ut
1386 1694 1549 1740 enirna
1563 1708 1699 1740 suam

994 1763 1144 1812 ponat
1165 1756 1271 1813 quis
1293 1768 1380 1811 pro
1400 1755 1564 1800 amicis
1585 1755 1693 1799 suis.

1054 1829 1094 1872 3.
1123 1815 1224 1859 Vos
1244 1814 1383 1859 amici
1407 1815 1498 1859 mei
1520 1815 1645 1866 estiS,
1682 1827 1707 1850 ἃ

993 1874 1033 1919 si
1074 1873 1276 1919 feceritis
1306 1888 1429 1931 quae
1462 1873 1701 1932 praecipio

993 1934 1142 1986 vobis,
1170 1934 1284 1978 dicit
1307 1933 1555 1979 Dominus.

1051 2007 1094 2051 4.
1135 1992 1266 2038 Beati
1298 1993 1494 2050 pacifici,
1523 2003 1551 2030 ὓ
1574 1991 1702 2039 beati

995 2054 1176 2097 mundo
1190 2054 1357 2098 corde:
1371 2053 1598 2111 queniam
1614 2052 1701 2110 ipsi

998 2113 1155 2157 Deum
1177 2112 1416 2158 videbunt.

1056 2183 1095 2229 5.
1148 2172 1204 2216 In
1233 2172 1465 2229 patientia
1499 2179 1651 2218 vestra
1680 2183 1706 2208 ἃ

996 2232 1300 2288 possidebitis
1312 2231 1496 2277 Animas
1505 2240 1696 2276 vestras.

1033 2334 1324 2390 Capitulum.
1354 2325 1518 2382 Ephe-5·
1547 2323 1592 2367 ii·
1621 2323 1665 2368 d·

1001 2408 1442 2530 ERATRES
1458 2408 1589 2470 :Jam
1605 2421 1702 2452 non

1161 2468 1272 2513 estis
1293 2468 1519 2524 hespites,
1550 2475 1597 2511 et
1618 2467 1703 2512 ad-

996 2540 1145 2571 venae
1198 2541 1208 2573 :
1259 2528 1345 2571 sed
1405 2527 1516 2571 estis
1576 2526 1701 2571 cives

995 2585 1271 2638 saneterum
1295 2621 1305 2637 ,
1356 2593 1404 2629 et
1455 2584 1702 2629 domestici

998 2644 1120 2689 Dei:
1152 2643 1530 2701 superaedificati
1562 2657 1706 2700 super

995 2703 1311 2748 fundamenti:
1360 2703 1703 2760 Apostolerum

996 2770 1045 2807 et
1064 2762 1423 2819 Prophetarum,
1449 2762 1556 2819 ipso
1577 2776 1705 2807 surn-

996 2835 1079 2867 mo
1099 2821 1312 2880 angulati
1334 2821 1492 2878 lepide
1514 2820 1705 2868 Christo

992 2880 1119 2945 jesa
1150 2895 1220 2956 1³7.
1251 2881 1357 2926 Deo
1375 2880 1569 2941 φήσειε.
