2050 3392
336 277 386 313 x
442 242 449 253 ,

682 258 774 312 De
795 272 949 311 anno
973 260 1031 310 et
1052 256 1174 327 ejus
1186 256 1469 327 partibus.

356 428 606 467 TABELLA
631 429 960 465 INDICTIONIS
982 428 1056 464 AB
1076 428 1228 464 ANNO
1250 426 1639 465 CORRECTIONIS
1665 418 1795 475 1582.

448 512 1054 569 ''lltl

368 577 424 602 10.
474 576 531 602 11.
577 576 634 602 12.
677 575 734 612 13.
778 575 930 612 14·'15·
984 577 1016 602 1.

852 624 855 639 ,

1051 624 1052 633 1

1050 642 1053 659 l

1051 574 1116 602 ¹2.
1182 574 1215 611 3.
1701 589 1710 598 .

1248 558 1811 610 f4.¹5.¹6.¹7.1849.

1118 684 1318 744 positum,
1347 683 1566 724 redeundo
1596 684 1653 724 ad
1682 682 1836 733 princi·

392 686 509 727 Nam
543 684 580 725 si
615 698 727 725 anno
762 688 857 736 1582
890 684 1053 726 tribuas

339 736 521 787 primum
553 749 791 785 numerum,
810 735 884 787 qui
903 745 967 777 est
988 752 1051 784 10,

339 799 383 829 et
410 786 604 838 sequenti
633 800 744 827 anno
778 790 875 838 1583
906 801 1054 828 secun-

340 840 442 879 dum
457 851 692 886 numerum,
703 837 776 889 qui
791 848 856 879 est
871 847 979 887 11,et
993 838 1055 880 sic

340 889 541 940 deinceps
559 903 694 939 usque
711 890 767 930 ad
785 903 943 930 annum
962 904 1055 941 pro·

779 1032 851 1067 DE
884 1032 1059 1068 FESTIS

354 1104 708 1248 ῼΙῘΟΝῙΑΜ
730 1120 783 1146 ex
803 1106 973 1148 decreto
992 1120 1058 1147 sa-

477 1155 537 1197 cri
565 1156 744 1198 Concilii
774 1157 816 1197 N
821 1156 955 1198 icaeni
979 1158 1059 1198 Pa-

346 1222 391 1248 sc
422 1222 464 1257 a,
478 1221 530 1248 ex
546 1221 630 1258 quo
645 1207 807 1260 reliqua
830 1208 955 1249 Festa
973 1222 1059 1248 mo·

347 1258 451 1299 bilia
463 1258 681 1350 Ipendent,
701 1258 904 1300 celebrari
931 1259 1059 1300 debet

347 1309 419 1351 die
508 1309 706 1358 ominico,
752 1309 826 1361 qui
860 1309 1061 1369 ‘proxime

349 1360 540 1402 succedit
555 1359 628 1400 xiv
646 1361 791 1401 Lunae
808 1375 931 1413 primi
947 1374 1061 1401 rnen—
1093 1362 1094 1367 ¹

349 1412 421 1461 sis,
449 1411 505 1462 (is
534 1425 632 1470 vero
666 1413 782 1463 apud
822 1412 1059 1472 Hebraeos,
1093 1414 1094 1421 ¹

349 1472 527 1504 vocatur
553 1476 713 1513 primus
740 1462 909 1511 mensis,
939 1475 1062 1512 cujus

349 1514 422 1555 xiv
443 1514 564 1554 Luna
579 1513 644 1554 vel
659 1512 772 1555 cadit
788 1513 831 1554 in
846 1513 959 1554 diem
973 1527 1063 1553 ver-

349 1564 394 1605 ni
430 1564 708 1615 AEqninoetii‚
745 1565 861 1615 quod
907 1563 976 1605 die
1013 1578 1060 1604 21

350 1615 506 1656 mensis
554 1614 700 1656 Martii
745 1615 887 1656 contin
922 1614 953 1655 't
995 1615 1064 1655 vel

350 1665 524 1719 propius
549 1665 561 1707 i
595 1679 688 1707 sum
712 1629 1065 1718 sequituffeffici-

351 1729 435 1766 tur,
453 1729 500 1759 ut
517 1717 551 1758 si
813 1718 822 1727 “
1053 1717 1063 1726 ‘

352 1769 607 1817 inveniatur,
627 1779 670 1810 et
693 1769 749 1809 ab
774 1783 825 1810 ea
845 1783 886 1809 in
912 1769 1066 1810 Kalen—

352 1819 473 1861 dario
504 1829 652 1860 notata
679 1818 788 1860 inter
813 1820 926 1861 diem
953 1821 1067 1860 octa-

353 1885 454 1911 vum
478 1870 625 1911 Martii
647 1870 921 1919 inclusive,et
945 1870 1068 1922 quin-

354 1930 445 1962 tum
488 1920 646 1971 Aprilis
683 1921 886 1966 inclusive
920 1921 1069 1972 (hujus

354 1972 467 2013 enim
488 1972 677 2030 Epactae
705 1972 777 2012 xiv
806 1973 926 2013 Luna
953 1972 1069 2013 cadit

354 2023 421 2063 vel
441 2022 484 2063 in
503 2023 616 2063 diem

355 2139 454 2166 eum
483 2124 654 2184 propius
681 2125 900 2177 sequitur)
926 2140 1071 2167 nume-

357 2185 502 2217 rentur
525 2176 729 2218 mclusive
756 2179 954 2219 deorsum
981 2192 1071 2218 ven
1103 2174 1104 2190 ¹

358 2241 430 2268 sus
458 2227 549 2268 dies
605 2228 914 2276 uatuordecim3
932 2228 1073 2280 proxi-

358 2293 452 2320 mus
465 2278 556 2319 dies
615 2279 821 2321 ominicus
833 2279 946 2321 diem
959 2280 1073 2321 hunc

359 2330 432 2371 xiv
459 2343 642 2389 sequens
667 2333 740 2380 (ne
767 2345 865 2372 cum
890 2330 1072 2382 Judaeis

360 2395 675 2430 conveniamus,
695 2381 731 2422 si
758 2382 864 2423 forte
890 2382 981 2424 dies
1000 2381 1074 2422 xiv

363 2433 510 2473 Lunae
528 2433 700 2474 <aderet
720 2432 762 2473 in
781 2433 894 2474 diem
924 2433 1073 2474 Domi-

362 2483 522 2533 uicum)
540 2483 593 2523 sit
612 2483 704 2524 dies
725 2485 927 2525 Paschae,

414 2534 679 2585 Exemplum.
700 2537 824 2576 Anno
841 2538 946 2594 1605.
962 2536 1077 2586 Epa·

361 2585 431 2625 &a
449 2596 512 2625 est
531 2599 557 2625 x
577 2595 619 2625 et
640 2586 778 2626 littera
797 2586 1076 2627 Dominicalis

361 2637 399 2676 b.
443 2636 498 2676 Et
507 2636 708 2686 quoniam
718 2637 954 2678 invenimus
966 2638 1078 2688 Epa·

362 2688 475 2727 <stam
505 2700 532 2726 x
566 2687 675 2728 inter
708 2688 820 2729 diem
853 2691 876 2728 8
911 2687 1075 2735 Martii,

363 2747 405 2777 et
433 2751 455 2787 5
479 2737 638 2787 Aprilis
665 2738 868 2780 inclusive
896 2739 1077 2790 positam

364 2801 456 2828 esse
484 2802 507 2827 e
535 2788 706 2846 regione
733 2790 817 2830 diei
842 2805 885 2831 21
911 2789 1076 2837 Martii,

364 2853 390 2880 a
430 2851 515 2888 quo
556 2839 759 2881 inclusive
804 2840 838 2880 si
879 2843 1075 2882 deorsum

368 2901 514 2929 versus
559 2901 832 2932 numerentur
880 2907 923 2942 ¹⁴
969 2892 1075 2940 dies,

611 1718 735 1768 pacta
756 1718 944 1777 cujusvis
965 1732 1065 1759 anni
1097 1733 1098 1738 ¹

644 2022 903 2074 AEquinoc'tii
934 2022 1068 2071 verni,
1101 2019 1102 2044 ³

356 2073 400 2115 id
427 2085 507 2122 est,
528 2072 571 2113 in
598 2073 713 2115 diem
739 2088 785 2115 21
818 2075 981 2123 Martii,
1004 2075 1071 2115 vel
1101 2079 1104 2086 ¹

1118 749 1237 787 pium
1268 735 1464 782 tabellae,
1483 732 1837 785 quotiescumque

1120 801 1215 828 eam
1242 784 1511 837 percurreris,
1541 785 1665 825 cadet
1696 798 1835 825 annus

1120 836 1359 889 propositus
1383 886 1393 895 .
1425 836 1468 877 in
1531 834 1832 883 Indictionem

1119 903 1231 941 quae
1248 896 1477 940 quaeritur.

1093 1030 1393 1068 MOBILIBUS.

1120 1104 1384 1146 inveniemus
1410 1103 1485 1145 xiv
1511 1104 1679 1145 Lunam
1714 1104 1786 1146 die
1815 1120 1838 1156 3

1091 1176 1092 1183 1
1121 1155 1297 1207 Aprilis,
1344 1170 1455 1215 quae
1490 1164 1555 1196 est
1591 1155 1836 1205 Dominioe,

1122 1221 1218 1248 cum
1238 1221 1262 1247 e
1280 1220 1453 1258 regione
1472 1205 1585 1247 illius
1612 1205 1667 1247 sit
1696 1206 1838 1248 littera

1124 1257 1405 1298 Dominicalis
1423 1257 1462 1298 b.
1490 1257 1559 1297 Ne
1579 1256 1711 1308 igitur
1740 1272 1838 1299 cum

1122 1308 1301 1360 Judaeis
1321 1307 1636 1356 conveniamus,
1690 1308 1734 1349 ui
1760 1310 1839 1351 Pa-

1124 1360 1227 1400 scha
1249 1360 1464 1401 celebrant
1486 1358 1555 1400 die
1578 1358 1651 1399 xiv
1709 1374 1837 1408 unae,

1125 1412 1332 1451 sumenda
1350 1421 1413 1451 est
1434 1410 1573 1451 littera
1594 1410 1841 1452 Dominica-

1126 1461 1176 1502 lis
1186 1462 1229 1510 b,
1243 1476 1353 1513 quae
1366 1461 1557 1512 sequitur
1569 1459 1641 1501 xiv
1656 1461 1838 1509 Lunam.

1126 1526 1277 1564 nempe
1304 1527 1356 1553 ea
1382 1526 1492 1564 quae
1511 1527 1534 1553 e
1554 1511 1725 1562 regione
1754 1513 1841 1554 diei

1130 1579 1178 1605 10
1191 1563 1349 1615 Aprilis
1367 1564 1619 1604 collocatur:
1639 1573 1771 1614 atque
1790 1578 1841 1605 eo

1096 1627 1099 1661 z
1127 1628 1238 1655 anno
1259 1614 1423 1655 Pascha
1441 1614 1742 1655 celebrandum
1762 1615 1841 1656 erit

1097 1666 1098 1714 l
1129 1665 1197 1708 die
1216 1681 1263 1708 10
1276 1664 1444 1718 Aprilis.
1473 1665 1580 1706 Item
1594 1679 1707 1707 anno
1727 1668 1837 1717 1604.

1131 1718 1296 1769 Epac‘ta
1314 1728 1378 1758 est
1397 1716 1514 1765 xxix,
1535 1727 1577 1757 et
1596 1717 1757 1768 duplex
1778 1718 1844 1759 lit-

1130 1777 1220 1809 tera
1266 1767 1543 1810 Dominicalis
1587 1768 1631 1816 d,
1668 1782 1705 1815 c.
1744 1783 1842 1810 cum

1130 1833 1266 1860 annus
1299 1819 1368 1860 ille
1399 1819 1453 1860 sit
1488 1818 1737 1860 Bissextilis.
1798 1819 1844 1862 Si

1131 1871 1261 1921 igitur
1278 1870 1333 1911 ab
1361 1869 1526 1929 Epac'ta
1552 1869 1653 1910 xxix
1681 1884 1795 1922 quae
1820 1885 1844 1911 e

1132 1921 1301 1973 regione
1329 1921 1412 1962 ἀίει
1440 1937 1457 1962 1
1482 1920 1640 1979 Aprilis
1672 1921 1847 1973 ponitur

1100 1953 1104 2016 l
1132 1972 1241 2013 inter
1253 1972 1365 2013 diem
1384 1976 1406 2013 8
1425 1971 1632 2020 Marti1,et
1648 1985 1669 2022 5
1685 1973 1846 2025 Aprilis

1133 2023 1351 2073 inclusive,
1375 2032 1649 2065 numerentur
1676 2023 1769 2065 dies
1801 2040 1846 2076 14

1133 2076 1258 2115 cadet
1294 2074 1367 2115 xiv
1405 2075 1526 2114 Luna
1562 2073 1605 2114 in
1641 2074 1759 2116 diem
1799 2091 1846 2126 14

1133 2125 1303 2177 Aprilis.
1365 2126 1422 2166 Et
1452 2124 1554 2176 quia
1582 2135 1685 2166 tunc
1713 2126 1846 2167 currit

1135 2176 1341 2228 posterior
1371 2176 1511 2217 littera
1548 2176 1846 2225 Dominicalis

1134 2242 1230 2268 nem
1311 2242 1349 2277 c,
1376 2241 1487 2279 quae
1514 2238 1610 2279 post
1647 2227 1763 2269 diem
1802 2243 1848 2273 14

1134 2281 1238 2330 Apri
1259 2280 1307 2328 is,
1322 2279 1364 2320 id
1383 2288 1461 2327 est,
1478 2288 1573 2329 post
1593 2277 1665 2319 xiv
1682 2280 1849 2321 Lunam

1136 2331 1340 2372 collocata
1367 2340 1430 2370 est
1449 2345 1472 2370 e
1492 2329 1664 2388 regione
1692 2330 1780 2371 diei
1804 2333 1848 2372 18

1103 2397 1106 2406 ·
1137 2381 1308 2432 Aprilis,
1338 2381 1622 2422 celebrabitur
1652 2395 1705 2422 eo
1736 2395 1850 2423 anno

1138 2432 1304 2473 Pascha
1321 2432 1391 2473 die
1414 2435 1458 2472 18
1477 2433 1518 2472 A
1549 2431 1647 2472 rilis.

1105 2483 1106 2496 ¹
1188 2484 1415 2525 Caeterum
1442 2492 1489 2523 ut
1532 2482 1683 2524 acilius
1709 2483 1852 2525 omnia

1105 2553 1108 2588 ῃ
1143 2535 1267 2575 Festa
1276 2534 1448 2575 mobilia
1456 2533 1855 2584 inveniantur‚com-

1138 2585 1301 2637 positae
1337 2596 1434 2625 sunt
1474 2586 1584 2625 duae
1625 2596 1853 2636 sequentes

1105 2611 1109 2664 ¹
1140 2637 1309 2678 tabulae
1321 2635 1851 2688 Paschales,unaantiqua.

1140 2697 1182 2728 et
1217 2702 1327 2729 nova
1369 2688 1512 2728 altera,
1565 2687 1631 2727 Ex
1676 2688 1854 2739 antiqua

1107 2767 1110 2776 .
1141 2739 1200 2780 ita
1223 2740 1346 2780 Festa
1376 2738 1546 2778 mobilia
1574 2738 1849 2788 reperientur.

1107 2789 1111 2830 ἲ
1143 2791 1193 2831 In
1215 2792 1343 2832 latere
1362 2789 1530 2830 sinistro
1549 2789 1721 2830 tabulae
1747 2789 1855 2831 acci·

1171 2842 1283 2884 iatur
1319 2841 1483 2892 Epadta
1518 2854 1706 2888 currens,
1740 2853 1783 2882 et
1812 2841 1852 2882 in

1142 2856 1252 2935 iinea
1272 2892 1505 2933 litterarum
1521 2891 1854 2934 Dominicalium
