2050 3392
147 238 401 290 Domin.
425 237 505 290 II.
534 237 665 305 027„
694 237 1090 290 Alaternitatis
1114 239 1288 294 BsM.
1322 241 1376 294 V.
1432 241 1622 294 ccxlix.

128 390 238 427 me,
287 374 514 432 requievit
546 375 597 421 in
638 374 856 421 taberna-

129 437 263 482 culo
298 449 419 486 meo,
463 444 510 481 et
547 435 666 481 dixit
703 436 854 481 mihi:

133 497 201 541 In
243 494 403 557 Jacob
444 495 671 547 inhabita,
719 504 766 541 et
807 496 855 539 in

79 590 84 595 .
134 555 302 601 Israel
353 555 675 606 haereditares
709 564 756 600 et
807 555 854 599 in

132 615 314 661 elecstis
347 614 464 659 meis
491 615 626 659 mitte
653 614 851 659 radices.

139 675 230 720 Ab
265 674 415 725 initio,
451 682 498 718 et
529 682 640 719 ante
671 674 858 717 saecula

133 734 315 779 ereata
355 746 476 782 sum,
520 741 567 777 et
608 746 759 790 usque
794 733 858 776 ad

134 792 366 838 futurum
390 793 633 837 saeculum
656 805 756 836 non
778 791 858 836 de‘-

136 853 325 902 sinam,
374 859 420 896 et
463 851 511 895 in
562 851 858 895 habitatidne

135 910 326 957 sandta
367 923 528 955 coram
571 911 675 967 ipso
723 911 858 954 mini-

135 970 316 1017 εει-εἰνὶ.
384 969 447 1015 Et
468 970 536 1015 sic
564 970 612 1014 in
640 969 757 1014 Sion
786 970 858 1014 fir-

135 1030 288 1076 mata
328 1042 450 1081 sum,
498 1036 545 1073 et
581 1029 629 1073 in
670 1028 858 1074 civitate

134 1088 455 1136 sanetificata
513 1088 729 1133 similiter
789 1102 859 1135 m-

135 1148 326 1208 quievi.
355 1156 402 1193 et
424 1149 471 1192 in
486 1147 751 1209 Jerusalem
772 1162 859 1205 po-

137 1209 305 1254 testas
328 1221 449 1252 mea.
496 1208 559 1252 Et
579 1207 785 1253 radicaVi
809 1208 857 1252 in

134 1266 699 1326 pdpu10·h0n0rificato.
728 1276 775 1313 et
808 1268 855 1313 in

135 1336 291 1386 parte
327 1327 417 1371 Dei
454 1327 546 1372 mei
588 1327 857 1372 haereditas

133 1387 291 1438 illius,
349 1393 397 1431 et
454 1387 502 1431 in
563 1387 856 1444 plenitudine

132 1445 430 1494 sand‘tdrum
451 1446 662 1492 detentio
684 1460 803 1492 mea.

266 1549 275 1559 ,
329 1506 443 1552 Sine
484 1505 617 1550 taCtu
656 1506 856 1563 puddris

133 1567 221 1612 inv
255 1573 345 1611 nta
371 1578 424 1609 es
453 1565 612 1609 Mater
641 1564 857 1610 Salvatd·

132 1627 201 1671 ris
227 1634 271 1671 ε·
312 1624 410 1679 Qui
433 1624 633 1674 coelum,
662 1623 857 1668 terram-

133 1700 238 1745 que
261 1684 402 1741 regit,
431 1683 481 1727 in
500 1691 585 1727 tua
607 1695 658 1727 se
688 1681 857 1727 clausit

134 1746 333 1790 viscera
374 1742 531 1786 fadkus
571 1741 733 1787 homo.
781 1746 843 1805 IV,

137 1801 418 1849 Benedidta
434 1809 486 1845 tu
503 1801 552 1844 in
563 1800 852 1853 mulieribus,

133 1870 184 1908 et
216 1859 513 1907 benedietus
541 1859 721 1905 frudtus
751 1873 859 1904 ven-

135 1923 225 1967 tris
249 1918 501 1975 tui.—Qui
522 1919 721 1965 coelum.

386 2027 550 2069 Lee'tio
574 2030 631 2069 iii.

283 2098 445 2144 UASI
462 2097 632 2143 cedrus
650 2096 858 2143 exaltata
921 2091 926 2096 ’
967 2089 975 2161 Ἰ

312 2172 423 2205 sum
471 2158 521 2202 in
570 2158 772 2210 Libano,
811 2167 857 2202 et

137 2218 285 2275 quasi
327 2217 581 2275 cypressus
609 2218 657 2262 in
694 2227 858 2262 monte

138 2276 275 2322 Sion.
349 2277 500 2331 Quasi
533 2277 699 2334 palma
733 2277 858 2321 exal-

139 2336 246 2382 tata
267 2350 378 2382 sum
396 2338 443 2381 in
461 2336 631 2386 Cades,
656 2344 703 2380 et
720 2336 856 2393 quasi

139 2397 388 2453 plantatio
418 2408 554 2440 rosae
580 2396 627 2439 in
642 2395 851 2456 Jericho.

140 2454 857 2512 Quasiolivaspecidsaincam·

71 2553 74 2564 ,
140 2515 231 2571 pis.
256 2524 305 2560 et
327 2515 465 2573 quasi
487 2514 711 2571 platanus
732 2514 857 2557 exal·

143 2573 251 2620 tata
285 2588 395 2619 sum
428 2574 565 2631 juxta
597 2586 775 2629 aquam
809 2573 856 2615 in

75 2681 76 2690 ἵ
141 2633 336 2690 plateis.
375 2634 508 2678 Sicut
530 2632 849 2680 cinnamdmfi.

75 2743 76 2754 χ
144 2701 192 2741 et
227 2693 503 2739 balsamum
536 2690 857 2737 aromatizans

75 2803 78 2818 Ι
144 2753 348 2799 oddrem
365 2753 491 2803 dedi.
510 2751 649 2809 quasi
666 2748 860 2807 myrrha

75 2825 78 2868 ι
143 2811 303 2857 electa
316 2812 429 2858 dedi
443 2809 726 2856 suavitatem
740 2808 858 2854 odd·

77 2879 80 2904 Ὗ
146 2872 223 2923 ris,
283 2878 332 2916 et
385 2870 525 2929 quasi
575 2877 754 2919 storax,
810 2875 857 2916 et

941 343 1295 350 *emm-..ffl-

918 374 1169 433 galbanus.
1225 384 1272 421 et
1323 374 1516 434 ungula,
1573 386 1620 422 et

918 443 1058 492 gutta
1071 444 1117 481 et
1133 436 1269 492 quasi
1289 435 1504 482 Libanus
1524 450 1622 482 non

920 494 1098 540 incisus
1120 495 1344 553 vaporaivi
1367 496 1623 543 habitati&-

920 568 1028 599 nem
1066 568 1236 608 meam,
1275 564 1322 601 et
1354 556 1491 613 quasi
1524 557 1626 601 bal-

920 627 1106 658 samum
1139 627 1238 658 non
1271 615 1473 661 mixtum
1499 617 1622 660 odor

922 687 1069 719 meus.
1134 674 1239 731 Ego
1260 675 1396 731 quasi
1420 675 1624 720 terebin-

923 732 1033 776 thus
1057 733 1247 778 extendi
1274 747 1436 779 ramos
1468 748 1616 786 meos,

921 800 968 835 et
984 793 1104 836 rami
1122 793 1210 837 mei
1229 792 1437 846 hondris,
1456 802 1502 838 et
1515 794 1623 851 gra-

924 851 1031 895 tiae.
1068 851 1175 908 Ego
1192 853 1328 908 quasi
1342 853 1448 898 vitis
1462 853 1623 898 studii-

922 909 1057 955 ficavi
1079 911 1360 956 suavitatem
1382 912 1557 958 oddris.

976 976 1051 1035 1311,
1085 969 1270 1014 Multae
1289 970 1415 1015 filiae
1427 984 1624 1028 congre-

921 1028 1155 1085 gaverunt
1199 1029 1402 1079 divitias,
1449 1039 1502 1074 tu
1546 1043 1624 1075 su-

920 1088 1170 1146 pergressa
1200 1101 1252 1132 es
1285 1089 1556 1134 universas:
1589 1095 1614 1118 ¹*

922 1148 1152 1205 Specidsa
1183 1147 1312 1192 faeta
1340 1161 1405 1198 es.
1436 1156 1482 1193 et
1516 1148 1625 1194 sua-

921 1208 989 1252 vis
1025 1208 1074 1252 in
1107 1206 1288 1252 deliciis
1319 1207 1427 1257 tuis,
1455 1207 1622 1254 saneta

922 1267 1011 1312 Dei
1036 1267 1264 1312 Genitrix.
1306 1272 1369 1332 y,
1402 1267 1623 1313 sentiant

920 1340 1089 1372 omnes
1105 1335 1239 1371 tuum
1258 1326 1498 1384 juvamen,
1521 1328 1624 1384 qui-

919 1386 1126 1443 cumque
1183 1386 1423 1432 celebrant
1488 1395 1623 1432 tuam

918 1445 1135 1491 sanetam
1167 1446 1539 1491 Maternitatem.
1565 1471 1625 1480 —-

920 1505 1161 1562 Specidsa.
1242 1505 1415 1553 Gldria
1475 1505 1617 1550 Patri.

920 1563 1160 1621 Specidsa.

976 1646 1034 1690 ln
1054 1647 1270 1692 secundo
1292 1644 1562 1693 Nocturno.

924 1711 995 1754 Ex
1018 1709 1244 1755 Sermdne
1273 1710 1424 1755 sandii
1452 1709 1626 1756 Lednis

1191 1770 1361 1826 Papae.

924 1829 1076 1873 Serm.
1104 1844 1124 1873 1
1140 1829 1195 1873 de
1208 1830 1380 1873 Nativ.
1401 1828 1619 1877 Domini.

1149 1913 1318 1960 ‘Lectio
1335 1914 1393 1958 lv.

940 1981 981 2011 Q
1018 1980 1082 2029 '32
1085 1981 1149 2015 “12³ssss
1162 1976 1323 2023 IRGO
1337 1976 1468 2034 regia
1481 1977 1606 2023 Davi
1607 2002 1626 2013 -

1016 2041 1064 2088 2'231
1108 2042 1149 2107 A)
1176 2037 1312 2081 dicae
1351 2038 1511 2095 stirpis
1543 2038 1624 2081 eli·

968 2122 974 2142 2
1146 2108 1147 2135 i
1174 2098 1312 2154 gitur.
1340 2109 1466 2153 quae
1487 2110 1624 2141 sacro

937 2144 1147 2190 ajam-gi
1174 2157 1468 2213 gravidanda
1527 2156 1625 2200 foe-

922 2221 986 2264 tu.
1014 2214 1239 2267 divinam,
1267 2215 1626 2271 humanamque

921 2274 1103 2329 prolem
1165 2275 1294 2332 prius
1352 2274 1624 2330 conciperet

921 2342 1093 2384 mente,
1132 2347 1279 2390 quam
1311 2334 1545 2389 cdrpore:
1576 2341 1624 2377 et

921 2405 980 2435 ne
1022 2392 1214 2448 superni
1257 2392 1425 2448 ignara
1471 2391 1625 2435 consi-

922 2451 968 2494 lii
1021 2452 1086 2495 ad
1135 2451 1389 2495 inusitatos
1433 2450 1622 2508 paveret

921 2509 1108 2559 affatus.
1130 2511 1263 2566 quod
1283 2509 1332 2553 in
1354 2522 1411 2554 ea
1426 2510 1625 2565 operan-

921 2569 1039 2613 dum
1061 2579 1162 2613 erat
1184 2583 1215 2613 a
1234 2568 1415 2625 Spiritu
1435 2568 1618 2621 sancito,

921 2628 1163 2684 colldquio
1185 2628 1353 2672 didicit
1376 2628 1618 2684 Angelico,

923 2700 1008 2731 nec
1017 2688 1247 2732 damnum
1261 2686 1459 2732 credidit
1474 2688 1626 2744 pud&-

921 2746 985 2791 ris
1023 2747 1112 2791 Dei
1151 2746 1366 2792 Genitrix
1406 2759 1520 2791 mox
1554 2747 1625 2793 fu-

923 2805 1042 2852 tura.
1103 2806 1204 2853 Cur
1243 2806 1370 2850 enim
1411 2806 1473 2850 de
1512 2820 1627 2852 con-

921 2866 1153 2931 ceptidnis
1166 2865 1377 2912 novitate
1390 2865 1620 2924 desperet,
