2050 3392
207 346 306 353 ———

287 374 346 432 JV-
372 378 543 442 Justus
573 385 626 424 ut
656 378 818 437 palma
837 378 924 423 flo-

209 437 350 485 rebit.
409 435 478 490 R?-
502 438 633 484 Sicut
653 439 822 484 cedrus
845 437 924 482 Li-

208 498 330 545 bani
353 497 755 557 multiplicabitur.

284 553 361 599 Ad
397 554 568 600 Bened.
617 556 735 602 Aua.
769 558 923 603 Misso

213 617 445 666 Herodes
476 617 759 677 spiculatore
790 631 923 677 prae-

210 678 341 738 cepit
363 677 601 738 amputari
620 677 923 741 caputjoon-

210 740 290 785 nis
311 740 360 785 in
383 738 597 785 σάκει-ετ
618 750 716 796 quo
737 737 915 789 audito,

208 799 437 858 discipuli
470 799 570 857 ejus
600 797 839 849 venerunt,
876 805 921 843 et

206 859 423 907 tulerunt
444 871 618 915 corpus
636 859 750 916 eJ'us,
769 864 816 902 et
837 870 924 916 po·

207 919 411 966 suerunt
473 918 587 963 illud
647 918 694 962 in
755 931 921 964 monu-

206 979 391 1025 mento.

488 1057 661 1103 Oratio.

214 1129 558 1295 &ANUM
572 1127 777 1192 Joeinnis
797 1130 919 1188 Bap-

379 1190 534 1241 tistae.
596 1190 919 1236 Praecursoris

207 1258 260 1296 et
342 1248 513 1309 ortyris
534 1249 615 1300 tui,
634 1264 919 1308 quaesumus

208 1310 436 1361 Domine,
460 1308 730 1354 veneranda
745 1308 919 1354 festivi-

209 1380 298 1423 tas,
337 1369 557 1415 salutatis
586 1369 746 1414 auxilii
778 1369 917 1415 nobis

207 1438 420 1489 praestet
433 1428 674 1474 effectum:
697 1428 789 1483 Qui
805 1428 917 1475 vivis

208 1497 260 1535 et
282 1502 455 1547 regnas
475 1503 587 1535 cum
610 1489 715 1534 Deo
739 1488 886 1534 Patre.

287 1549 378 1591 Pro
410 1552 674 1595 commem.
712 1551 756 1596 S.
796 1553 924 1598 Sabi-

215 1611 462 1662 uae‚As1a.
476 1608 603 1653 Date
622 1607 663 1653 ei
680 1608 741 1653 de
762 1606 917 1652 fructu

206 1668 443 1716 monuum
455 1669 661 1720 suarum,
668 1675 714 1713 et
722 1667 917 1714 laudent

206 1743 317 1775 eam
339 1729 389 1774 in
411 1728 561 1787 portis
581 1727 728 1786 opera
747 1729 863 1786 ejus.

274 1788 335 1846 y,
370 1786 561 1835 Diffusa
590 1795 662 1834 est
682 1786 837 1846 gratia
868 1788 916 1833 in

204 1849 347 1895 labiis
369 1847 479 1895 tuis·
540 1850 577 1893 Β
604 1885 612 1893 .
659 1847 917 1906 Propterea

204 1908 452 1955 benedixit
475 1916 522 1955 te
619 1920 677 1954 us
697 1906 748 1953 in
768 1907 915 1954 aeter-

206 1982 339 2014 num.

483 2052 663 2099 Oratio.

411 2127 917 2186 US,quiintercaetera

389 2187 632 2246 potentiae
653 2194 763 2233 tuae
778 2187 916 2237 mira-

203 2247 312 2294 cula
353 2246 499 2293 otiam
529 2248 579 2292 in
610 2259 725 2292 sexu
870 2247 879 2257 ’
903 2247 913 2256 ‘

202 2306 452 2355 vio'toriam
475 2306 683 2365 martyrii
715 2306 915 2352 contuli-

200 2368 260 2414 sti
290 2382 300 2413 :
325 2365 538 2414 concede
560 2365 793 2424 propitius
821 2380 831 2418 ;
863 2372 915 2410 ut

199 2428 281 2486 qui
290 2426 464 2473 beatae
472 2425 681 2471 Sabinae
692 2425 916 2483 Mortyris

200 2496 314 2533 tuae
346 2485 567 2532 natalitia
591 2485 802 2537 colimus,
830 2497 917 2542 per

197 2548 302 2607 ejus
324 2546 388 2593 ad
411 2553 458 2591 te
480 2545 701 2602 exempla
727 2543 915 2602 gradio.-

197 2620 320 2654 mur.
393 2605 484 2652 Pcr
506 2604 781 2650 Dominum.

367 2702 449 2738 AD
480 2698 743 2736 TER'HAM.

259 2761 382 2804 Afia·
408 2766 624 2813 Domine
645 2765 710 2810 mi
732 2777 828 2809 rex.

258 2817 554 2875 Capitulum.
612 2825 787 2871 Beatus
826 2823 906 2875 vir,

196 2885 251 2923 ut
274 2892 434 2935 supra.
447 2898 553 2944 332,

254 242 372 294 Die
394 257 467 311 29
491 244 545 295 A
552 260 664 313 ug„
690 245 752 297 in
778 244 985 298 Decoll.
1014 247 1076 297 S.
1104 244 1158 314 J
1159 245 1361 297 oannis
1386 244 1551 314 Bapt.
1593 256 1694 311 333

1054 379 1125 437 RJ.
1143 381 1208 426 br.
1220 378 1385 425 Gloria
1398 387 1447 424 et
1463 377 1657 430 honore,
1669 379 1695 404 ⁴*

990 437 1242 485 Coronosti
1261 453 1385 492 eum,
1412 439 1534 484 Dfie.
1580 437 1695 485 Glo-

989 499 1061 544 ria
1080 506 1127 544 et
1149 498 1342 545 honore.
1412 498 1471 557 ΣΤ.
1499 499 1561 544 Et
1582 511 1694 545 con-

990 557 1181 604 stituisti
1222 573 1333 604 eum
1374 571 1517 618 super
1547 557 1695 616 opera

989 618 1217 664 munuum
1269 619 1469 664 tuorum.
1546 618 1695 664 Coro·

989 678 1127 724 nosti.
1177 678 1336 725 Gloria
1351 678 1490 725 Patri.
1530 677 1697 724 Gloria

988 744 1036 783 et
1058 738 1249 785 honore.

1052 791 1112 851 ΣΤ.
1140 798 1359 851 Posuisti,
1394 799 1515 850 Dfie.
1550 812 1696 856 super

989 864 1133 916 caput
1149 858 1263 915 ejus.
1284 854 1357 910 R?-
1374 858 1615 906 Coronam
1631 859 1693 904 de

987 916 1147 976 lopide
1168 915 1388 976 pretioso.

1165 1002 1242 1038 AD
1278 1002 1509 1039 SEXTAM.

1052 1075 1173 1118 Asta,
1198 1064 1386 1111 Pue'llae
1406 1064 1609 1111 saltami.

1021 1150 1311 1208 Capitulum.
1412 1142 1564 1187 Eccli·
1583 1156 1657 1188 XV·

1137 1213 1367 1260 IBAVIT
1396 1215 1526 1260 illum
1568 1228 1692 1273 pane

1162 1275 1288 1320 vitae
1327 1282 1374 1320 et
1406 1274 1685 1327 intellectus.

985 1340 1032 1378 et
1052 1345 1181 1391 aqua
1196 1334 1457 1393 sapientiae
1473 1335 1692 1380 salutaris

985 1393 1166 1451 potavit
1175 1394 1306 1440 illum
1318 1394 1691 1441 DominusDeus

983 1460 1155 1501 noster.

1046 1519 1120 1578 Ry,
1128 1513 1421 1567 br,Posuisti‚
1430 1513 1651 1566 Domine.
1664 1519 1685 1542 ·²*

984 1573 1138 1632 Super
1152 1580 1297 1630 caput
1313 1575 1427 1631 ejus.
1468 1573 1685 1619 Posuisti.

987 1634 1049 1695 XV.
1075 1631 1315 1678 Coronam
1333 1633 1394 1678 de
1410 1632 1570 1689 lopide
1586 1645 1693 1689 pre-

984 1690 1123 1738 tioso,
1160 1692 1325 1750 Super.
1367 1690 1527 1741 Gloria
1545 1691 1685 1738 Patri.

987 1751 1206 1798 Posuisti.

1050 1815 1111 1874 ΙΨ.
1130 1812 1317 1869 Magna
1335 1819 1407 1858 est
1422 1810 1574 1870 gloria
1588 1812 1692 1869 eJus

983 1872 1033 1917 in
1054 1871 1246 1917 salutori
1270 1879 1367 1917 tu0.
1392 1876 1463 1932 1³7.
1476 1870 1690 1917 Gloriam

981 1939 1029 1978 et
1050 1945 1280 1990 magnum
1293 1929 1517 1978 decorem
1538 1929 1690 1990 impo-

982 2005 1069 2039 nes
1088 2005 1231 2051 super
1250 2005 1377 2037 eum.

1171 2077 1249 2114 AD
1281 2077 1491 2114 NONAM.

1048 2140 1164 2184 Asia.
1189 2140 1267 2185 Da
1288 2139 1401 2185 mihi
1424 2139 1472 2184 in
1494 2139 1640 2184 disco.

987 2215 1276 2273 Capitulum.
1347 2215 1501 2261 Eccli.
1528 2213 1681 2260 xxxix.

1193 2286 1227 2332 S
1241 2287 1286 2332 T
1306 2287 1350 2331 U
1368 2288 1402 2331 S
1432 2299 1516 2331 cor
1544 2298 1685 2331 suum

1154 2346 1347 2392 tradidit
1389 2346 1452 2390 ad
1490 2343 1685 2401 vigilon-

981 2404 1099 2450 dum
1113 2405 1321 2451 diluculo
1335 2405 1397 2449 ad
1413 2404 1588 2452 Duum,
1637 2401 1685 2446 ui

981 2465 1091 2510 fecit
1114 2465 1258 2515 illum.
1281 2472 1328 2509 et
1349 2464 1398 2508 in
1424 2416 1686 2518 conspogtu

979 2523 1213 2571 Altissimi
1234 2522 1580 2582 deprecabitur.

1047 2581 1121 2639 RJ.
1150 2582 1216 2626 br.
1239 2583 1424 2640 Magna
1445 2587 1515 2627 est
1535 2579 1687 2638 gloria

980 2645 1098 2702 ejus,
1118 2640 1209 2689 ⁷''‘In
1226 2641 1418 2688 salutari
1432 2648 1528 2686 tuo.
1579 2640 1685 2685 Ma·

979 2716 1090 2761 gna.
1150 2700 1209 2759 Χῖ.
1243 2700 1456 2747 Gloriam
1497 2707 1544 2745 et
1585 2713 1685 2745 ma-

979 2776 1130 2820 gnum
1190 2760 1411 2807 decorem
1467 2759 1682 2818 impones

979 2835 1123 2880 super
1136 2835 1264 2867 eum.
1280 2821 1299 2864 Ι
1305 2834 1335 2865 n
1347 2820 1555 2865 salutari.
1572 2812 1683 2866 Glo-

978 2882 1052 2926 ria
1073 2881 1215 2927 Patri.
1282 2881 1479 2938 Magna.
