<?xml version="1.0" encoding="UTF-8"?>
<!DOCTYPE html PUBLIC "-//W3C//DTD XHTML 1.0 Transitional//EN"
    "http://www.w3.org/TR/xhtml1/DTD/xhtml1-transitional.dtd">
<html xmlns="http://www.w3.org/1999/xhtml" xml:lang="en" lang="en">
 <head>
  <title>
</title>
<meta http-equiv="Content-Type" content="text/html;charset=utf-8" />
  <meta name='ocr-system' content='tesseract 3.04.00' />
  <meta name='ocr-capabilities' content='ocr_page ocr_carea ocr_par ocr_line ocrx_word'/>
</head>
<body>
  <div class='ocr_page' id='page_1' title='image "./breviariumroman03churgoog/breviariumroman03churgoog_0304.png"; bbox 0 0 2050 3392; ppageno 0'>
   <div class='ocr_carea' id='block_1_1' title="bbox 507 268 1422 350">
    <p class='ocr_par' dir='ltr' id='par_1_1' title="bbox 507 268 1422 350">
     <span class='ocr_line' id='line_1_1' title="bbox 507 268 1422 350; baseline 0.021 -30"><span class='ocrx_word' id='word_1_1' title='bbox 507 268 813 325; x_wconf 82' lang='lat' dir='ltr'><em>Domz&#39;m‘ca</em></span> <span class='ocrx_word' id='word_1_2' title='bbox 837 282 1044 343; x_wconf 84' lang='lat' dir='ltr'>quarta</span> <span class='ocrx_word' id='word_1_3' title='bbox 1070 280 1422 350; x_wconf 78' lang='lat' dir='ltr'><em>Septembris.</em></span> 
     </span>
    </p>
   </div>
   <div class='ocr_carea' id='block_1_2' title="bbox 1598 305 1695 360">
    <p class='ocr_par' dir='ltr' id='par_1_2' title="bbox 1598 305 1695 360">
     <span class='ocr_line' id='line_1_2' title="bbox 1598 305 1695 360; baseline 0.01 -1"><span class='ocrx_word' id='word_1_4' title='bbox 1598 305 1695 360; x_wconf 88' lang='lat'>193</span> 
     </span>
    </p>
   </div>
   <div class='ocr_carea' id='block_1_3' title="bbox 207 360 1680 393">
    <p class='ocr_par' dir='ltr' id='par_1_3' title="bbox 207 360 1680 393">
     <span class='ocr_line' id='line_1_3' title="bbox 207 360 1680 393; baseline 0 2999"><span class='ocrx_word' id='word_1_5' title='bbox 207 360 1680 393; x_wconf 95' lang='lat' dir='ltr'> </span> 
     </span>
    </p>
   </div>
   <div class='ocr_carea' id='block_1_4' title="bbox 200 394 1693 528">
    <p class='ocr_par' dir='ltr' id='par_1_4' title="bbox 200 394 1693 528">
     <span class='ocr_line' id='line_1_4' title="bbox 200 394 1693 480; baseline 0.019 -35"><span class='ocrx_word' id='word_1_6' title='bbox 200 401 446 447; x_wconf 73' lang='lat' dir='ltr'>servdrum</span> <span class='ocrx_word' id='word_1_7' title='bbox 462 401 674 449; x_wconf 74' lang='lat' dir='ltr'>tudrum.</span> <span class='ocrx_word' id='word_1_8' title='bbox 692 394 754 452; x_wconf 63' lang='lat' dir='ltr'>&gt;V-</span> <span class='ocrx_word' id='word_1_9' title='bbox 782 406 925 453; x_wconf 82' lang='lat' dir='ltr'><strong>Bene·</strong></span> <span class='ocrx_word' id='word_1_10' title='bbox 990 411 1161 470; x_wconf 73' lang='lat' dir='ltr'>injt&#39;iste</span> <span class='ocrx_word' id='word_1_11' title='bbox 1179 414 1377 473; x_wconf 54' lang='lat' dir='ltr'>egimus</span> <span class='ocrx_word' id='word_1_12' title='bbox 1400 420 1693 480; x_wconf 69' lang='lat' dir='ltr'>iniquitatem</span> 
     </span>
     <span class='ocr_line' id='line_1_5' title="bbox 201 460 1491 528; baseline 0.018 -25"><span class='ocrx_word' id='word_1_13' title='bbox 201 460 359 505; x_wconf 71' lang='lat' dir='ltr'>did’cus</span> <span class='ocrx_word' id='word_1_14' title='bbox 382 475 448 514; x_wconf 86' lang='lat' dir='ltr'>es,</span> <span class='ocrx_word' id='word_1_15' title='bbox 474 461 690 508; x_wconf 67' lang='lat' dir='ltr'>deine</span> <span class='ocrx_word' id='word_1_16' title='bbox 726 466 923 522; x_wconf 88' lang='lat' dir='ltr'>quinon</span> <span class='ocrx_word' id='word_1_17' title='bbox 990 470 1491 528; x_wconf 64' lang='lat' dir='ltr'>fdcimus.—D6mine.</span> 
     </span>
    </p>
   </div>
   <div class='ocr_carea' id='block_1_5' title="bbox 199 519 923 753">
    <p class='ocr_par' dir='ltr' id='par_1_5' title="bbox 199 519 923 753">
     <span class='ocr_line' id='line_1_6' title="bbox 200 519 923 579; baseline 0.012 -16"><span class='ocrx_word' id='word_1_18' title='bbox 200 519 492 578; x_wconf 76' lang='lat' dir='ltr'><strong>derelinquis</strong></span> <span class='ocrx_word' id='word_1_19' title='bbox 567 525 923 579; x_wconf 66' lang='lat' dir='ltr'>pmesum6ntes</span> 
     </span>
     <span class='ocr_line' id='line_1_7' title="bbox 201 579 921 642; baseline 0.013 -20"><span class='ocrx_word' id='word_1_20' title='bbox 201 579 260 622; x_wconf 89' lang='lat' dir='ltr'>de</span> <span class='ocrx_word' id='word_1_21' title='bbox 283 587 342 630; x_wconf 87' lang='lat' dir='ltr'>te,</span> <span class='ocrx_word' id='word_1_22' title='bbox 365 588 415 625; x_wconf 83' lang='lat' dir='ltr'>et</span> <span class='ocrx_word' id='word_1_23' title='bbox 438 581 500 625; x_wconf 88' lang='lat' dir='ltr'>de</span> <span class='ocrx_word' id='word_1_24' title='bbox 523 595 614 626; x_wconf 84' lang='lat' dir='ltr'>sua</span> <span class='ocrx_word' id='word_1_25' title='bbox 635 582 806 628; x_wconf 72' lang='lat' dir='ltr'>virttite</span> <span class='ocrx_word' id='word_1_26' title='bbox 819 586 921 642; x_wconf 90' lang='lat' dir='ltr'><strong>glo·</strong></span> 
     </span>
     <span class='ocr_line' id='line_1_8' title="bbox 199 637 918 691; baseline 0.014 -10"><span class='ocrx_word' id='word_1_27' title='bbox 199 637 374 684; x_wconf 75' lang='lat' dir='ltr'>riantes</span> <span class='ocrx_word' id='word_1_28' title='bbox 404 640 918 691; x_wconf 65' lang='lat' dir='ltr'>humilias-Exaudi</span> 
     </span>
     <span class='ocr_line' id='line_1_9' title="bbox 200 710 375 753; baseline 0.017 -13"><span class='ocrx_word' id='word_1_29' title='bbox 200 710 375 753; x_wconf 75' lang='lat' dir='ltr'>preces,</span> 
     </span>
    </p>
   </div>
   <div class='ocr_carea' id='block_1_6' title="bbox 443 774 678 822">
    <p class='ocr_par' dir='ltr' id='par_1_6' title="bbox 443 774 678 822">
     <span class='ocr_line' id='line_1_10' title="bbox 443 774 678 822; baseline 0.013 -3"><span class='ocrx_word' id='word_1_30' title='bbox 443 774 611 821; x_wconf 67' lang='lat' dir='ltr'>Letftio</span> <span class='ocrx_word' id='word_1_31' title='bbox 632 776 678 822; x_wconf 85' lang='lat' dir='ltr'>ii.</span> 
     </span>
    </p>
   </div>
   <div class='ocr_carea' id='block_1_7' title="bbox 184 876 915 1894">
    <p class='ocr_par' dir='ltr' id='par_1_7' title="bbox 362 876 915 937">
     <span class='ocr_line' id='line_1_11' title="bbox 362 876 915 937; baseline 0.014 -16"><span class='ocrx_word' id='word_1_32' title='bbox 362 876 513 925; x_wconf 93' lang='lat' dir='ltr'>NNO</span> <span class='ocrx_word' id='word_1_33' title='bbox 526 877 671 937; x_wconf 70' lang='lat' dir='ltr'>Igitur</span> <span class='ocrx_word' id='word_1_34' title='bbox 691 880 915 928; x_wconf 57' lang='lat' dir='ltr'>duodeci-</span> 
     </span>
    </p>

    <p class='ocr_par' dir='ltr' id='par_1_8' title="bbox 184 939 913 1894">
     <span class='ocr_line' id='line_1_12' title="bbox 379 939 913 996; baseline 0.013 -15"><span class='ocrx_word' id='word_1_35' title='bbox 379 951 461 982; x_wconf 87' lang='lat' dir='ltr'>mo</span> <span class='ocrx_word' id='word_1_36' title='bbox 477 939 611 996; x_wconf 88' lang='lat' dir='ltr'>regni</span> <span class='ocrx_word' id='word_1_37' title='bbox 629 940 699 984; x_wconf 90' lang='lat' dir='ltr'>sui</span> <span class='ocrx_word' id='word_1_38' title='bbox 720 955 729 985; x_wconf 77' lang='grc' dir='ltr'><strong><em>ε</em></strong></span> <span class='ocrx_word' id='word_1_39' title='bbox 750 942 913 987; x_wconf 86' lang='lat' dir='ltr'>Nabu-</span> 
     </span>
     <span class='ocr_line' id='line_1_13' title="bbox 195 993 905 1058; baseline 0.014 -21"><span class='ocrx_word' id='word_1_40' title='bbox 195 993 506 1042; x_wconf 80' lang='lat' dir='ltr'>ch0d6nosor</span> <span class='ocrx_word' id='word_1_41' title='bbox 529 1012 613 1043; x_wconf 84' lang='lat' dir='ltr'>rex</span> <span class='ocrx_word' id='word_1_42' title='bbox 637 1000 905 1058; x_wconf 69' lang='lat' dir='ltr'>Assyridrfi,</span> 
     </span>
     <span class='ocr_line' id='line_1_14' title="bbox 195 1054 909 1113; baseline 0.013 -16"><span class='ocrx_word' id='word_1_43' title='bbox 195 1054 277 1109; x_wconf 91' lang='lat' dir='ltr'>qui</span> <span class='ocrx_word' id='word_1_44' title='bbox 295 1057 528 1113; x_wconf 76' lang='lat' dir='ltr'>regnabat</span> <span class='ocrx_word' id='word_1_45' title='bbox 544 1058 595 1102; x_wconf 89' lang='lat' dir='ltr'>in</span> <span class='ocrx_word' id='word_1_46' title='bbox 613 1058 786 1104; x_wconf 82' lang='lat' dir='ltr'>Ninive</span> <span class='ocrx_word' id='word_1_47' title='bbox 802 1062 909 1106; x_wconf 88' lang='lat' dir='ltr'>civi-</span> 
     </span>
     <span class='ocr_line' id='line_1_15' title="bbox 194 1112 908 1175; baseline 0.014 -19"><span class='ocrx_word' id='word_1_48' title='bbox 194 1112 297 1157; x_wconf 73' lang='lat' dir='ltr'>tate</span> <span class='ocrx_word' id='word_1_49' title='bbox 317 1128 506 1173; x_wconf 85' lang='lat' dir='ltr'>magna,</span> <span class='ocrx_word' id='word_1_50' title='bbox 535 1118 767 1175; x_wconf 76' lang='lat' dir='ltr'>pugnavit</span> <span class='ocrx_word' id='word_1_51' title='bbox 798 1135 908 1167; x_wconf 90' lang='lat' dir='ltr'><strong>con·</strong></span> 
     </span>
     <span class='ocr_line' id='line_1_16' title="bbox 196 1173 905 1232; baseline 0.016 -17"><span class='ocrx_word' id='word_1_52' title='bbox 196 1178 271 1216; x_wconf 85' lang='lat' dir='ltr'>tra</span> <span class='ocrx_word' id='word_1_53' title='bbox 299 1173 574 1232; x_wconf 75' lang='lat' dir='ltr'>Arphaxad,</span> <span class='ocrx_word' id='word_1_54' title='bbox 613 1185 659 1223; x_wconf 88' lang='lat' dir='ltr'>et</span> <span class='ocrx_word' id='word_1_55' title='bbox 702 1180 905 1228; x_wconf 69' lang='lat' dir='ltr'>othnuit</span> 
     </span>
     <span class='ocr_line' id='line_1_17' title="bbox 194 1233 904 1299; baseline 0.017 -25"><span class='ocrx_word' id='word_1_56' title='bbox 194 1244 306 1276; x_wconf 86' lang='lat' dir='ltr'>eum</span> <span class='ocrx_word' id='word_1_57' title='bbox 327 1233 373 1277; x_wconf 91' lang='lat' dir='ltr'>in</span> <span class='ocrx_word' id='word_1_58' title='bbox 397 1248 572 1293; x_wconf 85' lang='lat' dir='ltr'>campo</span> <span class='ocrx_word' id='word_1_59' title='bbox 605 1250 797 1296; x_wconf 87' lang='lat' dir='ltr'>magno,</span> <span class='ocrx_word' id='word_1_60' title='bbox 824 1242 904 1299; x_wconf 93' lang='lat' dir='ltr'>qui</span> 
     </span>
     <span class='ocr_line' id='line_1_18' title="bbox 193 1292 905 1354; baseline 0.015 -20"><span class='ocrx_word' id='word_1_61' title='bbox 193 1292 463 1348; x_wconf 74' lang='lat' dir='ltr'>appellatur</span> <span class='ocrx_word' id='word_1_62' title='bbox 528 1295 712 1354; x_wconf 79' lang='lat' dir='ltr'>Ragau,</span> <span class='ocrx_word' id='word_1_63' title='bbox 781 1300 905 1346; x_wconf 86' lang='lat' dir='ltr'>circa</span> 
     </span>
     <span class='ocr_line' id='line_1_19' title="bbox 197 1349 902 1414; baseline 0.016 -20"><span class='ocrx_word' id='word_1_64' title='bbox 197 1349 490 1408; x_wconf 80' lang='lat' dir='ltr'>Euphraten,</span> <span class='ocrx_word' id='word_1_65' title='bbox 538 1361 587 1401; x_wconf 89' lang='lat' dir='ltr'>et</span> <span class='ocrx_word' id='word_1_66' title='bbox 627 1357 807 1414; x_wconf 87' lang='lat' dir='ltr'>Tigrin,</span> <span class='ocrx_word' id='word_1_67' title='bbox 856 1368 902 1406; x_wconf 84' lang='lat' dir='ltr'>et</span> 
     </span>
     <span class='ocr_line' id='line_1_20' title="bbox 187 1409 901 1473; baseline 0.015 -19"><span class='ocrx_word' id='word_1_68' title='bbox 187 1409 405 1471; x_wconf 75' lang='lat' dir='ltr'>jadason</span> <span class='ocrx_word' id='word_1_69' title='bbox 440 1413 490 1459; x_wconf 90' lang='lat' dir='ltr'>in</span> <span class='ocrx_word' id='word_1_70' title='bbox 527 1429 701 1473; x_wconf 89' lang='lat' dir='ltr'>campo</span> <span class='ocrx_word' id='word_1_71' title='bbox 729 1418 901 1465; x_wconf 88' lang='lat' dir='ltr'>Erioch</span> 
     </span>
     <span class='ocr_line' id='line_1_21' title="bbox 189 1471 902 1526; baseline 0.015 -13"><span class='ocrx_word' id='word_1_72' title='bbox 189 1471 316 1526; x_wconf 86' lang='lat' dir='ltr'>regis</span> <span class='ocrx_word' id='word_1_73' title='bbox 329 1472 585 1519; x_wconf 70' lang='lat' dir='ltr'>Elicdrum.</span> <span class='ocrx_word' id='word_1_74' title='bbox 624 1476 764 1521; x_wconf 87' lang='lat' dir='ltr'>Tunc</span> <span class='ocrx_word' id='word_1_75' title='bbox 778 1480 902 1525; x_wconf 90' lang='lat' dir='ltr'>exal-</span> 
     </span>
     <span class='ocr_line' id='line_1_22' title="bbox 192 1528 900 1591; baseline 0.018 -19"><span class='ocrx_word' id='word_1_76' title='bbox 192 1528 346 1575; x_wconf 77' lang='lat' dir='ltr'>tatum</span> <span class='ocrx_word' id='word_1_77' title='bbox 386 1540 455 1578; x_wconf 85' lang='lat' dir='ltr'>est</span> <span class='ocrx_word' id='word_1_78' title='bbox 498 1548 698 1591; x_wconf 89' lang='lat' dir='ltr'><strong>regnum</strong></span> <span class='ocrx_word' id='word_1_79' title='bbox 736 1537 782 1581; x_wconf 93' lang='lat' dir='ltr'>N</span> <span class='ocrx_word' id='word_1_80' title='bbox 786 1539 900 1584; x_wconf 86' lang='lat' dir='ltr'>abu-</span> 
     </span>
     <span class='ocr_line' id='line_1_23' title="bbox 188 1588 901 1654; baseline 0.015 -21"><span class='ocrx_word' id='word_1_81' title='bbox 188 1588 506 1645; x_wconf 72' lang='lat' dir='ltr'>choddnosor,</span> <span class='ocrx_word' id='word_1_82' title='bbox 534 1603 582 1639; x_wconf 86' lang='lat' dir='ltr'>et</span> <span class='ocrx_word' id='word_1_83' title='bbox 598 1609 681 1640; x_wconf 91' lang='lat' dir='ltr'>cor</span> <span class='ocrx_word' id='word_1_84' title='bbox 696 1596 796 1654; x_wconf 85' lang='lat' dir='ltr'>ejus</span> <span class='ocrx_word' id='word_1_85' title='bbox 811 1599 901 1644; x_wconf 85' lang='lat' dir='ltr'>ele-</span> 
     </span>
     <span class='ocr_line' id='line_1_24' title="bbox 187 1647 899 1705; baseline 0.018 -13"><span class='ocrx_word' id='word_1_86' title='bbox 187 1647 350 1695; x_wconf 74' lang='lat' dir='ltr'>vatum</span> <span class='ocrx_word' id='word_1_87' title='bbox 402 1660 471 1699; x_wconf 87' lang='lat' dir='ltr'>est</span> <span class='ocrx_word' id='word_1_88' title='bbox 506 1667 517 1699; x_wconf 75' lang='grc' dir='ltr'>ε</span> <span class='ocrx_word' id='word_1_89' title='bbox 571 1662 618 1700; x_wconf 90' lang='lat' dir='ltr'>et</span> <span class='ocrx_word' id='word_1_90' title='bbox 669 1656 793 1703; x_wconf 90' lang='lat' dir='ltr'>misit</span> <span class='ocrx_word' id='word_1_91' title='bbox 835 1661 899 1705; x_wconf 89' lang='lat' dir='ltr'>ad</span> 
     </span>
     <span class='ocr_line' id='line_1_25' title="bbox 186 1713 898 1770; baseline 0.017 -18"><span class='ocrx_word' id='word_1_92' title='bbox 186 1723 364 1764; x_wconf 87' lang='lat' dir='ltr'>omnes,</span> <span class='ocrx_word' id='word_1_93' title='bbox 404 1713 485 1770; x_wconf 92' lang='lat' dir='ltr'>qui</span> <span class='ocrx_word' id='word_1_94' title='bbox 527 1713 810 1763; x_wconf 76' lang='lat' dir='ltr'>habitabant</span> <span class='ocrx_word' id='word_1_95' title='bbox 851 1720 898 1764; x_wconf 89' lang='lat' dir='ltr'>in</span> 
     </span>
     <span class='ocr_line' id='line_1_26' title="bbox 188 1769 897 1828; baseline 0.016 -15"><span class='ocrx_word' id='word_1_96' title='bbox 188 1769 364 1823; x_wconf 85' lang='lat' dir='ltr'>Cilicia,</span> <span class='ocrx_word' id='word_1_97' title='bbox 394 1781 440 1817; x_wconf 89' lang='lat' dir='ltr'>et</span> <span class='ocrx_word' id='word_1_98' title='bbox 466 1772 720 1828; x_wconf 74' lang='lat' dir='ltr'>Damasco,</span> <span class='ocrx_word' id='word_1_99' title='bbox 749 1785 796 1823; x_wconf 88' lang='lat' dir='ltr'>et</span> <span class='ocrx_word' id='word_1_100' title='bbox 820 1778 897 1823; x_wconf 86' lang='lat' dir='ltr'>Li-</span> 
     </span>
     <span class='ocr_line' id='line_1_27' title="bbox 184 1828 896 1894; baseline 0.014 -21"><span class='ocrx_word' id='word_1_101' title='bbox 184 1828 323 1882; x_wconf 88' lang='lat' dir='ltr'>bano,</span> <span class='ocrx_word' id='word_1_102' title='bbox 373 1839 421 1877; x_wconf 85' lang='lat' dir='ltr'>et</span> <span class='ocrx_word' id='word_1_103' title='bbox 461 1834 526 1878; x_wconf 86' lang='lat' dir='ltr'>ad</span> <span class='ocrx_word' id='word_1_104' title='bbox 567 1843 733 1892; x_wconf 84' lang='lat' dir='ltr'><strong>gentes</strong></span> <span class='ocrx_word' id='word_1_105' title='bbox 774 1851 896 1894; x_wconf 89' lang='lat' dir='ltr'>quae</span> 
     </span>
    </p>
   </div>
   <div class='ocr_carea' id='block_1_8' title="bbox 185 1891 909 1950">
    <p class='ocr_par' dir='ltr' id='par_1_9' title="bbox 185 1891 909 1950">
     <span class='ocr_line' id='line_1_28' title="bbox 185 1891 909 1950; baseline 0.015 -18"><span class='ocrx_word' id='word_1_106' title='bbox 185 1898 295 1934; x_wconf 81' lang='lat' dir='ltr'>sunt</span> <span class='ocrx_word' id='word_1_107' title='bbox 316 1891 364 1935; x_wconf 90' lang='lat' dir='ltr'>in</span> <span class='ocrx_word' id='word_1_108' title='bbox 389 1891 626 1946; x_wconf 67' lang='lat' dir='ltr'>Carmdlo,</span> <span class='ocrx_word' id='word_1_109' title='bbox 649 1903 695 1940; x_wconf 88' lang='lat' dir='ltr'>et</span> <span class='ocrx_word' id='word_1_110' title='bbox 718 1896 909 1950; x_wconf 68' lang='lat' dir='ltr'>Cedan‘</span> 
     </span>
    </p>
   </div>
   <div class='ocr_carea' id='block_1_9' title="bbox 163 1949 893 2783">
    <p class='ocr_par' dir='ltr' id='par_1_10' title="bbox 168 1949 893 2427">
     <span class='ocr_line' id='line_1_29' title="bbox 181 1949 893 2002; baseline 0.014 -10"><span class='ocrx_word' id='word_1_111' title='bbox 181 1955 227 1993; x_wconf 89' lang='lat' dir='ltr'>et</span> <span class='ocrx_word' id='word_1_112' title='bbox 269 1949 590 1998; x_wconf 65' lang='lat' dir='ltr'>inhabitantes</span> <span class='ocrx_word' id='word_1_113' title='bbox 628 1954 893 2002; x_wconf 85' lang='lat' dir='ltr'>Galilaeam</span> 
     </span>
     <span class='ocr_line' id='line_1_30' title="bbox 179 2007 884 2070; baseline 0.013 -18"><span class='ocrx_word' id='word_1_114' title='bbox 179 2007 229 2052; x_wconf 88' lang='lat' dir='ltr'>in</span> <span class='ocrx_word' id='word_1_115' title='bbox 251 2023 427 2068; x_wconf 87' lang='lat' dir='ltr'>campo</span> <span class='ocrx_word' id='word_1_116' title='bbox 443 2025 623 2070; x_wconf 81' lang='lat' dir='ltr'>magno</span> <span class='ocrx_word' id='word_1_117' title='bbox 641 2014 884 2070; x_wconf 86' lang='lat' dir='ltr'>Esdrelon,</span> 
     </span>
     <span class='ocr_line' id='line_1_31' title="bbox 175 2070 890 2130; baseline 0.014 -18"><span class='ocrx_word' id='word_1_118' title='bbox 175 2076 225 2112; x_wconf 88' lang='lat' dir='ltr'>et</span> <span class='ocrx_word' id='word_1_119' title='bbox 267 2070 333 2114; x_wconf 88' lang='lat' dir='ltr'>ad</span> <span class='ocrx_word' id='word_1_120' title='bbox 365 2085 533 2116; x_wconf 85' lang='lat' dir='ltr'>omnes</span> <span class='ocrx_word' id='word_1_121' title='bbox 565 2073 647 2130; x_wconf 92' lang='lat' dir='ltr'>qui</span> <span class='ocrx_word' id='word_1_122' title='bbox 679 2082 812 2120; x_wconf 83' lang='lat' dir='ltr'>erant</span> <span class='ocrx_word' id='word_1_123' title='bbox 843 2077 890 2123; x_wconf 89' lang='lat' dir='ltr'>in</span> 
     </span>
     <span class='ocr_line' id='line_1_32' title="bbox 175 2127 889 2181; baseline 0.013 -10"><span class='ocrx_word' id='word_1_124' title='bbox 175 2127 408 2181; x_wconf 79' lang='lat' dir='ltr'>Samaria,</span> <span class='ocrx_word' id='word_1_125' title='bbox 456 2139 503 2177; x_wconf 89' lang='lat' dir='ltr'>et</span> <span class='ocrx_word' id='word_1_126' title='bbox 546 2140 678 2177; x_wconf 88' lang='lat' dir='ltr'>trans</span> <span class='ocrx_word' id='word_1_127' title='bbox 714 2133 889 2181; x_wconf 88' lang='lat' dir='ltr'><strong>flumen</strong></span> 
     </span>
     <span class='ocr_line' id='line_1_33' title="bbox 168 2186 890 2292; baseline 0.014 -61"><span class='ocrx_word' id='word_1_128' title='bbox 168 2186 435 2292; x_wconf 39' lang='lat' dir='ltr'>&#39;Iordanem</span> <span class='ocrx_word' id='word_1_129' title='bbox 452 2205 604 2249; x_wconf 87' lang='lat' dir='ltr'>usque</span> <span class='ocrx_word' id='word_1_130' title='bbox 620 2192 684 2237; x_wconf 86' lang='lat' dir='ltr'>ad</span> <span class='ocrx_word' id='word_1_131' title='bbox 698 2193 890 2254; x_wconf 72' lang='lat' dir='ltr'>Jert‘lsa-</span> 
     </span>
     <span class='ocr_line' id='line_1_34' title="bbox 190 2253 889 2317; baseline 0.01 -25"><span class='ocrx_word' id='word_1_132' title='bbox 190 2262 283 2300; x_wconf 88' lang='lat' dir='ltr'>em,</span> <span class='ocrx_word' id='word_1_133' title='bbox 306 2256 357 2293; x_wconf 87' lang='lat' dir='ltr'>et</span> <span class='ocrx_word' id='word_1_134' title='bbox 377 2263 573 2294; x_wconf 88' lang='lat' dir='ltr'>omnem</span> <span class='ocrx_word' id='word_1_135' title='bbox 597 2259 769 2298; x_wconf 84' lang='lat' dir='ltr'>terram</span> <span class='ocrx_word' id='word_1_136' title='bbox 785 2253 889 2317; x_wconf 87' lang='lat' dir='ltr'>Jes-</span> 
     </span>
     <span class='ocr_line' id='line_1_35' title="bbox 171 2306 887 2368; baseline 0.013 -17"><span class='ocrx_word' id='word_1_137' title='bbox 171 2321 223 2352; x_wconf 88' lang='lat' dir='ltr'>se</span> <span class='ocrx_word' id='word_1_138' title='bbox 241 2306 496 2367; x_wconf 72' lang='lat' dir='ltr'>quotisque</span> <span class='ocrx_word' id='word_1_139' title='bbox 512 2312 812 2368; x_wconf 70' lang='lat' dir='ltr'>perveniatur</span> <span class='ocrx_word' id='word_1_140' title='bbox 825 2315 887 2360; x_wconf 90' lang='lat' dir='ltr'>ad</span> 
     </span>
     <span class='ocr_line' id='line_1_36' title="bbox 171 2367 707 2427; baseline 0.007 -15"><span class='ocrx_word' id='word_1_141' title='bbox 171 2367 402 2413; x_wconf 60' lang='lat' dir='ltr'>terminos</span> <span class='ocrx_word' id='word_1_142' title='bbox 416 2368 707 2427; x_wconf 72' lang='lat' dir='ltr'>AEthidpiae.</span> 
     </span>
    </p>

    <p class='ocr_par' dir='ltr' id='par_1_11' title="bbox 163 2424 887 2783">
     <span class='ocr_line' id='line_1_37' title="bbox 226 2424 887 2481; baseline 0.014 -12"><span class='ocrx_word' id='word_1_143' title='bbox 226 2424 298 2481; x_wconf 72' lang='lat' dir='ltr'>R?-</span> <span class='ocrx_word' id='word_1_144' title='bbox 344 2428 701 2476; x_wconf 72' lang='lat' dir='ltr'>Tribulatidnes</span> <span class='ocrx_word' id='word_1_145' title='bbox 728 2432 887 2478; x_wconf 69' lang='lat' dir='ltr'>civita-</span> 
     </span>
     <span class='ocr_line' id='line_1_38' title="bbox 172 2489 886 2548; baseline 0.01 -17"><span class='ocrx_word' id='word_1_146' title='bbox 172 2495 272 2533; x_wconf 88' lang='lat' dir='ltr'>tum</span> <span class='ocrx_word' id='word_1_147' title='bbox 286 2489 705 2547; x_wconf 76' lang='lat' dir='ltr'>audivimus,quas</span> <span class='ocrx_word' id='word_1_148' title='bbox 718 2505 886 2548; x_wconf 87' lang='lat' dir='ltr'>passae</span> 
     </span>
     <span class='ocr_line' id='line_1_39' title="bbox 167 2548 885 2600; baseline 0.008 -9"><span class='ocrx_word' id='word_1_149' title='bbox 167 2556 292 2600; x_wconf 84' lang='lat' dir='ltr'>sunt,</span> <span class='ocrx_word' id='word_1_150' title='bbox 314 2555 363 2593; x_wconf 89' lang='lat' dir='ltr'>et</span> <span class='ocrx_word' id='word_1_151' title='bbox 382 2548 664 2594; x_wconf 59' lang='lat' dir='ltr'>defecimus:</span> <span class='ocrx_word' id='word_1_152' title='bbox 682 2551 824 2596; x_wconf 89' lang='lat' dir='ltr'>timor</span> <span class='ocrx_word' id='word_1_153' title='bbox 838 2560 885 2597; x_wconf 85' lang='lat' dir='ltr'>et</span> 
     </span>
     <span class='ocr_line' id='line_1_40' title="bbox 165 2606 885 2657; baseline 0.007 -5"><span class='ocrx_word' id='word_1_154' title='bbox 165 2606 416 2653; x_wconf 67' lang='lat' dir='ltr'>hebett&#39;ido</span> <span class='ocrx_word' id='word_1_155' title='bbox 434 2609 608 2652; x_wconf 84' lang='lat' dir='ltr'>mentis</span> <span class='ocrx_word' id='word_1_156' title='bbox 630 2608 796 2655; x_wconf 55' lang='lat' dir='ltr'>cecidit</span> <span class='ocrx_word' id='word_1_157' title='bbox 809 2625 885 2657; x_wconf 89' lang='lat' dir='ltr'>su-</span> 
     </span>
     <span class='ocr_line' id='line_1_41' title="bbox 164 2669 884 2725; baseline 0.008 -15"><span class='ocrx_word' id='word_1_158' title='bbox 164 2680 250 2723; x_wconf 87' lang='lat' dir='ltr'>per</span> <span class='ocrx_word' id='word_1_159' title='bbox 292 2681 398 2718; x_wconf 88' lang='lat' dir='ltr'>nos,</span> <span class='ocrx_word' id='word_1_160' title='bbox 447 2675 493 2712; x_wconf 89' lang='lat' dir='ltr'>et</span> <span class='ocrx_word' id='word_1_161' title='bbox 538 2681 679 2725; x_wconf 89' lang='lat' dir='ltr'>super</span> <span class='ocrx_word' id='word_1_162' title='bbox 713 2669 884 2716; x_wconf 79' lang='lat' dir='ltr'>liberos</span> 
     </span>
     <span class='ocr_line' id='line_1_42' title="bbox 163 2726 882 2783; baseline 0.01 -13"><span class='ocrx_word' id='word_1_163' title='bbox 163 2735 360 2772; x_wconf 84' lang='lat' dir='ltr'>nostros</span> <span class='ocrx_word' id='word_1_164' title='bbox 376 2741 386 2772; x_wconf 77' lang='grc' dir='ltr'><strong><em>ε</em></strong></span> <span class='ocrx_word' id='word_1_165' title='bbox 405 2726 496 2783; x_wconf 86' lang='lat' dir='ltr'>ipsi</span> <span class='ocrx_word' id='word_1_166' title='bbox 511 2736 700 2774; x_wconf 87' lang='lat' dir='ltr'>montes</span> <span class='ocrx_word' id='word_1_167' title='bbox 716 2730 882 2777; x_wconf 89' lang='lat' dir='ltr'><strong>nolunt</strong></span> 
     </span>
    </p>
   </div>
   <div class='ocr_carea' id='block_1_10' title="bbox 161 2785 882 2900">
    <p class='ocr_par' dir='ltr' id='par_1_12' title="bbox 161 2785 882 2900">
     <span class='ocr_line' id='line_1_43' title="bbox 161 2785 877 2844; baseline 0.01 -16"><span class='ocrx_word' id='word_1_168' title='bbox 161 2786 376 2844; x_wconf 76' lang='lat' dir='ltr'>recipere</span> <span class='ocrx_word' id='word_1_169' title='bbox 398 2785 567 2844; x_wconf 86' lang='lat' dir='ltr'>fugam</span> <span class='ocrx_word' id='word_1_170' title='bbox 589 2796 798 2834; x_wconf 84' lang='lat' dir='ltr'>nostram</span> <span class='ocrx_word' id='word_1_171' title='bbox 821 2805 832 2835; x_wconf 76' lang='grc' dir='ltr'>ε</span> <span class='ocrx_word' id='word_1_172' title='bbox 851 2786 877 2809; x_wconf 63' lang='lat'>⁴*</span> 
     </span>
     <span class='ocr_line' id='line_1_44' title="bbox 164 2841 882 2900; baseline 0.013 -13"><span class='ocrx_word' id='word_1_173' title='bbox 164 2843 287 2897; x_wconf 77' lang='lat' dir='ltr'>Dfie,</span> <span class='ocrx_word' id='word_1_174' title='bbox 326 2844 570 2890; x_wconf 50' lang='lat' dir='ltr'>miserare.</span> <span class='ocrx_word' id='word_1_175' title='bbox 600 2841 661 2900; x_wconf 53' lang='lat' dir='ltr'>jv.</span> <span class='ocrx_word' id='word_1_176' title='bbox 712 2848 882 2895; x_wconf 75' lang='lat' dir='ltr'>Pecca-</span> 
     </span>
    </p>
   </div>
   <div class='ocr_carea' id='block_1_11' title="bbox 949 541 1690 2754">
    <p class='ocr_par' dir='ltr' id='par_1_13' title="bbox 1213 541 1463 594">
     <span class='ocr_line' id='line_1_45' title="bbox 1213 541 1463 594; baseline 0.028 -8"><span class='ocrx_word' id='word_1_177' title='bbox 1213 541 1379 590; x_wconf 74' lang='lat' dir='ltr'>Letstio</span> <span class='ocrx_word' id='word_1_178' title='bbox 1400 546 1463 594; x_wconf 78' lang='lat' dir='ltr'>iii.</span> 
     </span>
    </p>

    <p class='ocr_par' dir='ltr' id='par_1_14' title="bbox 1138 622 1690 679">
     <span class='ocr_line' id='line_1_46' title="bbox 1138 622 1690 679; baseline 0.024 -13"><span class='ocrx_word' id='word_1_179' title='bbox 1138 622 1185 666; x_wconf 94' lang='lat' dir='ltr'>D</span> <span class='ocrx_word' id='word_1_180' title='bbox 1226 624 1315 670; x_wconf 88' lang='lat' dir='ltr'>hos</span> <span class='ocrx_word' id='word_1_181' title='bbox 1356 641 1522 676; x_wconf 88' lang='lat' dir='ltr'>omnes</span> <span class='ocrx_word' id='word_1_182' title='bbox 1561 632 1690 679; x_wconf 83' lang='lat' dir='ltr'><strong>misit</strong></span> 
     </span>
    </p>

    <p class='ocr_par' dir='ltr' id='par_1_15' title="bbox 956 681 1690 2170">
     <span class='ocr_line' id='line_1_47' title="bbox 1155 681 1690 739; baseline 0.026 -14"><span class='ocrx_word' id='word_1_183' title='bbox 1155 681 1347 730; x_wconf 75' lang='lat' dir='ltr'>ni&#39;intios</span> <span class='ocrx_word' id='word_1_184' title='bbox 1363 688 1690 739; x_wconf 74' lang='lat' dir='ltr'>Nabuchodd·</span> 
     </span>
     <span class='ocr_line' id='line_1_48' title="bbox 984 744 1687 809; baseline 0.026 -28"><span class='ocrx_word' id='word_1_185' title='bbox 984 750 1127 784; x_wconf 90' lang='lat' dir='ltr'>nosor</span> <span class='ocrx_word' id='word_1_186' title='bbox 1153 755 1235 787; x_wconf 86' lang='lat' dir='ltr'>rex</span> <span class='ocrx_word' id='word_1_187' title='bbox 1254 744 1554 803; x_wconf 60' lang='lat' dir='ltr'>Assyriorum</span> <span class='ocrx_word' id='word_1_188' title='bbox 1576 754 1687 809; x_wconf 89' lang='lat' dir='ltr'>:qui</span> 
     </span>
     <span class='ocr_line' id='line_1_49' title="bbox 982 803 1687 857; baseline 0.027 -17"><span class='ocrx_word' id='word_1_189' title='bbox 982 810 1148 844; x_wconf 86' lang='lat' dir='ltr'>omnes</span> <span class='ocrx_word' id='word_1_190' title='bbox 1160 814 1256 847; x_wconf 89' lang='lat' dir='ltr'>uno</span> <span class='ocrx_word' id='word_1_191' title='bbox 1271 803 1431 851; x_wconf 76' lang='lat' dir='ltr'>animo</span> <span class='ocrx_word' id='word_1_192' title='bbox 1447 813 1687 857; x_wconf 87' lang='lat' dir='ltr'>contradi·-</span> 
     </span>
     <span class='ocr_line' id='line_1_50' title="bbox 980 856 1686 917; baseline 0.025 -18"><span class='ocrx_word' id='word_1_193' title='bbox 980 856 1161 912; x_wconf 63' lang='lat' dir='ltr'>xdrunt,</span> <span class='ocrx_word' id='word_1_194' title='bbox 1204 869 1250 906; x_wconf 87' lang='lat' dir='ltr'>et</span> <span class='ocrx_word' id='word_1_195' title='bbox 1290 866 1566 914; x_wconf 50' lang='lat' dir='ltr'>remiserunt</span> <span class='ocrx_word' id='word_1_196' title='bbox 1601 885 1686 917; x_wconf 87' lang='lat' dir='ltr'>eos</span> 
     </span>
     <span class='ocr_line' id='line_1_51' title="bbox 979 915 1686 987; baseline 0.025 -29"><span class='ocrx_word' id='word_1_197' title='bbox 979 915 1168 970; x_wconf 79' lang='lat' dir='ltr'>vacuos,</span> <span class='ocrx_word' id='word_1_198' title='bbox 1191 927 1237 964; x_wconf 87' lang='lat' dir='ltr'>et</span> <span class='ocrx_word' id='word_1_199' title='bbox 1251 922 1351 967; x_wconf 88' lang='lat' dir='ltr'>sine</span> <span class='ocrx_word' id='word_1_200' title='bbox 1365 924 1543 972; x_wconf 70' lang='lat' dir='ltr'>hondre</span> <span class='ocrx_word' id='word_1_201' title='bbox 1554 930 1686 987; x_wconf 83' lang='lat' dir='ltr'>abje-</span> 
     </span>
     <span class='ocr_line' id='line_1_52' title="bbox 977 975 1685 1044; baseline 0.024 -26"><span class='ocrx_word' id='word_1_202' title='bbox 977 975 1155 1024; x_wconf 69' lang='lat' dir='ltr'><strong>ceSrunt.</strong></span> <span class='ocrx_word' id='word_1_203' title='bbox 1221 980 1360 1027; x_wconf 88' lang='lat' dir='ltr'>Tunc</span> <span class='ocrx_word' id='word_1_204' title='bbox 1408 985 1685 1044; x_wconf 70' lang='lat' dir='ltr'>indignatus</span> 
     </span>
     <span class='ocr_line' id='line_1_53' title="bbox 978 1034 1683 1093; baseline 0.023 -16"><span class='ocrx_word' id='word_1_205' title='bbox 978 1034 1025 1079; x_wconf 94' lang='lat' dir='ltr'>N</span> <span class='ocrx_word' id='word_1_206' title='bbox 1028 1036 1429 1087; x_wconf 69' lang='lat' dir='ltr'>abuchoddnosor</span> <span class='ocrx_word' id='word_1_207' title='bbox 1436 1058 1515 1090; x_wconf 87' lang='lat' dir='ltr'>rex</span> <span class='ocrx_word' id='word_1_208' title='bbox 1524 1047 1683 1093; x_wconf 57' lang='lat' dir='ltr'>adver·</span> 
     </span>
     <span class='ocr_line' id='line_1_54' title="bbox 975 1105 1673 1159; baseline 0.021 -22"><span class='ocrx_word' id='word_1_209' title='bbox 975 1107 1056 1139; x_wconf 90' lang='lat' dir='ltr'>sus</span> <span class='ocrx_word' id='word_1_210' title='bbox 1096 1109 1289 1143; x_wconf 86' lang='lat' dir='ltr'>ornnem</span> <span class='ocrx_word' id='word_1_211' title='bbox 1321 1108 1492 1147; x_wconf 85' lang='lat' dir='ltr'>terram</span> <span class='ocrx_word' id='word_1_212' title='bbox 1529 1105 1673 1159; x_wconf 88' lang='lat' dir='ltr'>illam,</span> 
     </span>
     <span class='ocr_line' id='line_1_55' title="bbox 969 1154 1681 1214; baseline 0.022 -18"><span class='ocrx_word' id='word_1_213' title='bbox 969 1154 1141 1211; x_wconf 68' lang='lat' dir='ltr'>jureivit</span> <span class='ocrx_word' id='word_1_214' title='bbox 1177 1171 1263 1214; x_wconf 89' lang='lat' dir='ltr'>per</span> <span class='ocrx_word' id='word_1_215' title='bbox 1293 1160 1514 1208; x_wconf 88' lang='lat' dir='ltr'>thronum</span> <span class='ocrx_word' id='word_1_216' title='bbox 1543 1173 1590 1210; x_wconf 92' lang='lat' dir='ltr'>et</span> <span class='ocrx_word' id='word_1_217' title='bbox 1610 1181 1681 1211; x_wconf 89' lang='lat' dir='ltr'>re-</span> 
     </span>
     <span class='ocr_line' id='line_1_56' title="bbox 970 1222 1680 1277; baseline 0.021 -20"><span class='ocrx_word' id='word_1_218' title='bbox 970 1227 1120 1271; x_wconf 86' lang='lat' dir='ltr'>gnum</span> <span class='ocrx_word' id='word_1_219' title='bbox 1142 1230 1280 1262; x_wconf 90' lang='lat' dir='ltr'>suum</span> <span class='ocrx_word' id='word_1_220' title='bbox 1305 1222 1435 1277; x_wconf 87' lang='lat' dir='ltr'>quod</span> <span class='ocrx_word' id='word_1_221' title='bbox 1458 1224 1680 1271; x_wconf 52' lang='lat' dir='ltr'><strong>defende-</strong></span> 
     </span>
     <span class='ocr_line' id='line_1_57' title="bbox 972 1277 1679 1342; baseline 0.02 -25"><span class='ocrx_word' id='word_1_222' title='bbox 972 1280 1041 1318; x_wconf 87' lang='lat' dir='ltr'>ret</span> <span class='ocrx_word' id='word_1_223' title='bbox 1071 1289 1122 1320; x_wconf 89' lang='lat' dir='ltr'>se</span> <span class='ocrx_word' id='word_1_224' title='bbox 1153 1278 1214 1321; x_wconf 84' lang='lat' dir='ltr'>de</span> <span class='ocrx_word' id='word_1_225' title='bbox 1234 1277 1455 1327; x_wconf 68' lang='lat' dir='ltr'>&amp;mnibus</span> <span class='ocrx_word' id='word_1_226' title='bbox 1477 1285 1679 1342; x_wconf 72' lang='lat' dir='ltr'>regidni-</span> 
     </span>
     <span class='ocr_line' id='line_1_58' title="bbox 969 1333 1677 1391; baseline 0.02 -14"><span class='ocrx_word' id='word_1_227' title='bbox 969 1333 1059 1378; x_wconf 91' lang='lat' dir='ltr'>bus</span> <span class='ocrx_word' id='word_1_228' title='bbox 1072 1335 1156 1380; x_wconf 89' lang='lat' dir='ltr'>his.</span> <span class='ocrx_word' id='word_1_229' title='bbox 1190 1337 1333 1385; x_wconf 87' lang='lat' dir='ltr'>Anno</span> <span class='ocrx_word' id='word_1_230' title='bbox 1348 1341 1677 1391; x_wconf 73' lang='grc' dir='ltr'>ῑετῑίοᾶέοίηιο</span> 
     </span>
     <span class='ocr_line' id='line_1_59' title="bbox 971 1392 1677 1460; baseline 0.017 -23"><span class='ocrx_word' id='word_1_231' title='bbox 971 1392 1016 1437; x_wconf 91' lang='lat' dir='ltr'>N</span> <span class='ocrx_word' id='word_1_232' title='bbox 1020 1395 1421 1445; x_wconf 73' lang='lat' dir='ltr'>abuchoddnosor</span> <span class='ocrx_word' id='word_1_233' title='bbox 1450 1404 1588 1460; x_wconf 86' lang='lat' dir='ltr'>regis,</span> <span class='ocrx_word' id='word_1_234' title='bbox 1610 1404 1677 1449; x_wconf 91' lang='lat' dir='ltr'>vi-</span> 
     </span>
     <span class='ocr_line' id='line_1_60' title="bbox 966 1452 1676 1509; baseline 0.018 -13"><span class='ocrx_word' id='word_1_235' title='bbox 966 1452 1149 1509; x_wconf 58' lang='lat' dir='ltr'>gesima</span> <span class='ocrx_word' id='word_1_236' title='bbox 1163 1464 1208 1501; x_wconf 89' lang='lat' dir='ltr'>et</span> <span class='ocrx_word' id='word_1_237' title='bbox 1225 1458 1436 1505; x_wconf 73' lang='lat' dir='ltr'>sect&#39;mda</span> <span class='ocrx_word' id='word_1_238' title='bbox 1451 1461 1529 1505; x_wconf 87' lang='lat' dir='ltr'>die</span> <span class='ocrx_word' id='word_1_239' title='bbox 1545 1476 1676 1509; x_wconf 90' lang='lat' dir='ltr'><strong>men-</strong></span> 
     </span>
     <span class='ocr_line' id='line_1_61' title="bbox 967 1512 1675 1570; baseline 0.018 -14"><span class='ocrx_word' id='word_1_240' title='bbox 967 1512 1030 1557; x_wconf 89' lang='lat' dir='ltr'>sis</span> <span class='ocrx_word' id='word_1_241' title='bbox 1044 1514 1179 1570; x_wconf 83' lang='lat' dir='ltr'>primi</span> <span class='ocrx_word' id='word_1_242' title='bbox 1196 1516 1375 1563; x_wconf 59' lang='lat' dir='ltr'>frustum</span> <span class='ocrx_word' id='word_1_243' title='bbox 1390 1528 1460 1564; x_wconf 90' lang='lat' dir='ltr'>est</span> <span class='ocrx_word' id='word_1_244' title='bbox 1477 1523 1675 1569; x_wconf 89' lang='lat' dir='ltr'><strong>verbum</strong></span> 
     </span>
     <span class='ocr_line' id='line_1_62' title="bbox 967 1571 1675 1628; baseline 0.018 -13"><span class='ocrx_word' id='word_1_245' title='bbox 967 1571 1013 1615; x_wconf 89' lang='lat' dir='ltr'>in</span> <span class='ocrx_word' id='word_1_246' title='bbox 1044 1574 1191 1620; x_wconf 87' lang='lat' dir='ltr'>domo</span> <span class='ocrx_word' id='word_1_247' title='bbox 1220 1577 1675 1628; x_wconf 73' lang='lat' dir='ltr'>Nabuchoddnosor</span> 
     </span>
     <span class='ocr_line' id='line_1_63' title="bbox 965 1633 1674 1692; baseline 0.016 -17"><span class='ocrx_word' id='word_1_248' title='bbox 965 1633 1090 1689; x_wconf 86' lang='lat' dir='ltr'>regis</span> <span class='ocrx_word' id='word_1_249' title='bbox 1105 1634 1419 1692; x_wconf 68' lang='lat' dir='ltr'>Assyridrum,</span> <span class='ocrx_word' id='word_1_250' title='bbox 1437 1647 1490 1683; x_wconf 85' lang='lat' dir='ltr'>ut</span> <span class='ocrx_word' id='word_1_251' title='bbox 1510 1640 1674 1686; x_wconf 64' lang='lat' dir='ltr'>deffin-</span> 
     </span>
     <span class='ocr_line' id='line_1_64' title="bbox 965 1692 1672 1754; baseline 0.014 -18"><span class='ocrx_word' id='word_1_252' title='bbox 965 1692 1097 1737; x_wconf 84' lang='lat' dir='ltr'><strong>deret</strong></span> <span class='ocrx_word' id='word_1_253' title='bbox 1107 1707 1171 1738; x_wconf 90' lang='lat' dir='ltr'>se.</span> <span class='ocrx_word' id='word_1_254' title='bbox 1197 1694 1495 1754; x_wconf 82' lang='lat' dir='ltr'>Vocavitque</span> <span class='ocrx_word' id='word_1_255' title='bbox 1504 1713 1672 1746; x_wconf 88' lang='lat' dir='ltr'>omnes</span> 
     </span>
     <span class='ocr_line' id='line_1_65' title="bbox 963 1752 1673 1816; baseline 0.014 -21"><span class='ocrx_word' id='word_1_256' title='bbox 963 1752 1169 1809; x_wconf 73' lang='lat' dir='ltr'>majdres</span> <span class='ocrx_word' id='word_1_257' title='bbox 1226 1762 1356 1807; x_wconf 85' lang='lat' dir='ltr'>natu,</span> <span class='ocrx_word' id='word_1_258' title='bbox 1413 1758 1673 1816; x_wconf 67' lang='lat' dir='ltr'>omn6sque</span> 
     </span>
     <span class='ocr_line' id='line_1_66' title="bbox 961 1812 1671 1870; baseline 0.014 -15"><span class='ocrx_word' id='word_1_259' title='bbox 961 1812 1124 1863; x_wconf 88' lang='lat' dir='ltr'>duces,</span> <span class='ocrx_word' id='word_1_260' title='bbox 1143 1820 1190 1858; x_wconf 89' lang='lat' dir='ltr'>et</span> <span class='ocrx_word' id='word_1_261' title='bbox 1210 1814 1462 1861; x_wconf 73' lang='lat' dir='ltr'>bellatdres</span> <span class='ocrx_word' id='word_1_262' title='bbox 1484 1831 1606 1870; x_wconf 87' lang='lat' dir='ltr'>suos,</span> <span class='ocrx_word' id='word_1_263' title='bbox 1622 1828 1671 1865; x_wconf 84' lang='lat' dir='ltr'>et</span> 
     </span>
     <span class='ocr_line' id='line_1_67' title="bbox 962 1870 1670 1935; baseline 0.016 -21"><span class='ocrx_word' id='word_1_264' title='bbox 962 1870 1129 1916; x_wconf 67' lang='lat' dir='ltr'>habuit</span> <span class='ocrx_word' id='word_1_265' title='bbox 1158 1887 1268 1919; x_wconf 87' lang='lat' dir='ltr'>cum</span> <span class='ocrx_word' id='word_1_266' title='bbox 1297 1874 1364 1920; x_wconf 90' lang='lat' dir='ltr'>eis</span> <span class='ocrx_word' id='word_1_267' title='bbox 1392 1877 1670 1935; x_wconf 65' lang='lat' dir='ltr'>mysteirium</span> 
     </span>
     <span class='ocr_line' id='line_1_68' title="bbox 959 1931 1668 1997; baseline 0.016 -24"><span class='ocrx_word' id='word_1_268' title='bbox 959 1931 1142 1976; x_wconf 72' lang='lat' dir='ltr'>consilii</span> <span class='ocrx_word' id='word_1_269' title='bbox 1165 1934 1237 1978; x_wconf 88' lang='lat' dir='ltr'>sui</span> <span class='ocrx_word' id='word_1_270' title='bbox 1266 1948 1275 1979; x_wconf 93' lang='lat'><strong>:</strong></span> <span class='ocrx_word' id='word_1_271' title='bbox 1299 1935 1513 1995; x_wconf 82' lang='lat' dir='ltr'>dixitque</span> <span class='ocrx_word' id='word_1_272' title='bbox 1538 1939 1668 1997; x_wconf 91' lang='lat' dir='ltr'>cogi-</span> 
     </span>
     <span class='ocr_line' id='line_1_69' title="bbox 958 1990 1659 2051; baseline 0.016 -18"><span class='ocrx_word' id='word_1_273' title='bbox 958 1990 1187 2037; x_wconf 73' lang='lat' dir='ltr'>tatidnem</span> <span class='ocrx_word' id='word_1_274' title='bbox 1209 2007 1345 2039; x_wconf 89' lang='lat' dir='ltr'>suam</span> <span class='ocrx_word' id='word_1_275' title='bbox 1376 1996 1424 2040; x_wconf 90' lang='lat' dir='ltr'>in</span> <span class='ocrx_word' id='word_1_276' title='bbox 1451 2011 1508 2042; x_wconf 88' lang='lat' dir='ltr'>eo</span> <span class='ocrx_word' id='word_1_277' title='bbox 1544 2012 1659 2051; x_wconf 84' lang='lat' dir='ltr'>esse,</span> 
     </span>
     <span class='ocr_line' id='line_1_70' title="bbox 957 2055 1667 2116; baseline 0.017 -23"><span class='ocrx_word' id='word_1_278' title='bbox 957 2055 1010 2094; x_wconf 88' lang='lat' dir='ltr'>ut</span> <span class='ocrx_word' id='word_1_279' title='bbox 1022 2063 1214 2097; x_wconf 89' lang='lat' dir='ltr'>omnem</span> <span class='ocrx_word' id='word_1_280' title='bbox 1225 2061 1395 2100; x_wconf 84' lang='lat' dir='ltr'>terram</span> <span class='ocrx_word' id='word_1_281' title='bbox 1409 2070 1496 2102; x_wconf 88' lang='lat' dir='ltr'>suo</span> <span class='ocrx_word' id='word_1_282' title='bbox 1506 2059 1593 2103; x_wconf 91' lang='lat' dir='ltr'>sub</span> <span class='ocrx_word' id='word_1_283' title='bbox 1590 2059 1667 2116; x_wconf 74' lang='lat' dir='ltr'>Ju-</span> 
     </span>
     <span class='ocr_line' id='line_1_71' title="bbox 956 2109 1322 2170; baseline 0.016 -17"><span class='ocrx_word' id='word_1_284' title='bbox 956 2109 1091 2166; x_wconf 69' lang='lat' dir='ltr'>garet</span> <span class='ocrx_word' id='word_1_285' title='bbox 1113 2111 1322 2170; x_wconf 51' lang='lat' dir='ltr'>imperio.</span> 
     </span>
    </p>

    <p class='ocr_par' dir='ltr' id='par_1_16' title="bbox 949 2167 1666 2754">
     <span class='ocr_line' id='line_1_72' title="bbox 1012 2167 1664 2226; baseline 0.014 -12"><span class='ocrx_word' id='word_1_286' title='bbox 1012 2167 1084 2226; x_wconf 64' lang='grc' dir='ltr'>Εἴ.</span> <span class='ocrx_word' id='word_1_287' title='bbox 1113 2170 1370 2218; x_wconf 75' lang='lat' dir='ltr'>Benedicat</span> <span class='ocrx_word' id='word_1_288' title='bbox 1393 2182 1440 2220; x_wconf 84' lang='lat' dir='ltr'>te</span> <span class='ocrx_word' id='word_1_289' title='bbox 1456 2175 1593 2222; x_wconf 76' lang='lat' dir='ltr'>Dfius</span> <span class='ocrx_word' id='word_1_290' title='bbox 1615 2178 1664 2224; x_wconf 90' lang='lat' dir='ltr'>in</span> 
     </span>
     <span class='ocr_line' id='line_1_73' title="bbox 955 2227 1666 2290; baseline 0.015 -19"><span class='ocrx_word' id='word_1_291' title='bbox 955 2227 1125 2274; x_wconf 71' lang='lat' dir='ltr'>virtiite</span> <span class='ocrx_word' id='word_1_292' title='bbox 1139 2243 1237 2283; x_wconf 88' lang='lat' dir='ltr'>sua,</span> <span class='ocrx_word' id='word_1_293' title='bbox 1254 2233 1333 2289; x_wconf 94' lang='lat' dir='ltr'>qui</span> <span class='ocrx_word' id='word_1_294' title='bbox 1352 2247 1433 2290; x_wconf 86' lang='lat' dir='ltr'>per</span> <span class='ocrx_word' id='word_1_295' title='bbox 1455 2242 1501 2279; x_wconf 86' lang='lat' dir='ltr'>te</span> <span class='ocrx_word' id='word_1_296' title='bbox 1514 2237 1578 2281; x_wconf 90' lang='lat' dir='ltr'>ad</span> <span class='ocrx_word' id='word_1_297' title='bbox 1597 2237 1666 2281; x_wconf 80' lang='lat' dir='ltr'>ni-</span> 
     </span>
     <span class='ocr_line' id='line_1_74' title="bbox 954 2287 1665 2348; baseline 0.014 -17"><span class='ocrx_word' id='word_1_298' title='bbox 954 2287 1102 2333; x_wconf 88' lang='lat' dir='ltr'>hilum</span> <span class='ocrx_word' id='word_1_299' title='bbox 1128 2290 1312 2348; x_wconf 52' lang='lat' dir='ltr'>redbgit</span> <span class='ocrx_word' id='word_1_300' title='bbox 1340 2293 1558 2339; x_wconf 81' lang='lat' dir='ltr'>inimicos</span> <span class='ocrx_word' id='word_1_301' title='bbox 1579 2310 1665 2341; x_wconf 91' lang='lat' dir='ltr'>no-</span> 
     </span>
     <span class='ocr_line' id='line_1_75' title="bbox 953 2346 1664 2400; baseline 0.014 -10"><span class='ocrx_word' id='word_1_302' title='bbox 953 2355 1075 2392; x_wconf 84' lang='lat' dir='ltr'>stros</span> <span class='ocrx_word' id='word_1_303' title='bbox 1090 2346 1141 2393; x_wconf 62' lang='lat'>2*</span> <span class='ocrx_word' id='word_1_304' title='bbox 1160 2349 1229 2394; x_wconf 87' lang='lat' dir='ltr'>Ut</span> <span class='ocrx_word' id='word_1_305' title='bbox 1245 2364 1341 2395; x_wconf 90' lang='lat' dir='ltr'>non</span> <span class='ocrx_word' id='word_1_306' title='bbox 1356 2352 1546 2398; x_wconf 81' lang='lat' dir='ltr'>deficiat</span> <span class='ocrx_word' id='word_1_307' title='bbox 1560 2355 1664 2400; x_wconf 89' lang='lat' dir='ltr'>laus</span> 
     </span>
     <span class='ocr_line' id='line_1_76' title="bbox 953 2408 1657 2469; baseline 0.016 -19"><span class='ocrx_word' id='word_1_308' title='bbox 953 2413 1037 2451; x_wconf 86' lang='lat' dir='ltr'>tua</span> <span class='ocrx_word' id='word_1_309' title='bbox 1067 2408 1129 2452; x_wconf 90' lang='lat' dir='ltr'>de</span> <span class='ocrx_word' id='word_1_310' title='bbox 1163 2422 1244 2453; x_wconf 89' lang='lat' dir='ltr'>ore</span> <span class='ocrx_word' id='word_1_311' title='bbox 1277 2409 1538 2457; x_wconf 73' lang='lat' dir='ltr'>hdminum.</span> <span class='ocrx_word' id='word_1_312' title='bbox 1592 2409 1657 2469; x_wconf 64' lang='lat' dir='ltr'>V.</span> 
     </span>
     <span class='ocr_line' id='line_1_77' title="bbox 954 2465 1664 2527; baseline 0.011 -17"><span class='ocrx_word' id='word_1_313' title='bbox 954 2465 1238 2512; x_wconf 70' lang='lat' dir='ltr'>Beneditstus</span> <span class='ocrx_word' id='word_1_314' title='bbox 1261 2469 1411 2521; x_wconf 74' lang='lat' dir='ltr'>Dfius,</span> <span class='ocrx_word' id='word_1_315' title='bbox 1432 2471 1514 2527; x_wconf 88' lang='lat' dir='ltr'>qui</span> <span class='ocrx_word' id='word_1_316' title='bbox 1536 2471 1664 2518; x_wconf 74' lang='lat' dir='ltr'>crea-</span> 
     </span>
     <span class='ocr_line' id='line_1_78' title="bbox 951 2526 1663 2588; baseline 0.011 -19"><span class='ocrx_word' id='word_1_317' title='bbox 951 2526 1014 2570; x_wconf 90' lang='lat' dir='ltr'>vit</span> <span class='ocrx_word' id='word_1_318' title='bbox 1036 2527 1221 2572; x_wconf 88' lang='lat' dir='ltr'><strong>coelum</strong></span> <span class='ocrx_word' id='word_1_319' title='bbox 1244 2536 1291 2573; x_wconf 89' lang='lat' dir='ltr'>et</span> <span class='ocrx_word' id='word_1_320' title='bbox 1313 2536 1487 2574; x_wconf 85' lang='lat' dir='ltr'>terram</span> <span class='ocrx_word' id='word_1_321' title='bbox 1509 2544 1519 2575; x_wconf 74' lang='grc' dir='ltr'>ε</span> <span class='ocrx_word' id='word_1_322' title='bbox 1549 2532 1663 2588; x_wconf 86' lang='lat' dir='ltr'>quia</span> 
     </span>
     <span class='ocr_line' id='line_1_79' title="bbox 953 2584 1664 2636; baseline 0.011 -8"><span class='ocrx_word' id='word_1_323' title='bbox 953 2584 1097 2630; x_wconf 62' lang='lat' dir='ltr'>hodie</span> <span class='ocrx_word' id='word_1_324' title='bbox 1117 2600 1290 2631; x_wconf 87' lang='lat' dir='ltr'>nornen</span> <span class='ocrx_word' id='word_1_325' title='bbox 1314 2595 1447 2633; x_wconf 87' lang='lat' dir='ltr'><strong>tuum</strong></span> <span class='ocrx_word' id='word_1_326' title='bbox 1474 2590 1543 2635; x_wconf 90' lang='lat' dir='ltr'>ita</span> <span class='ocrx_word' id='word_1_327' title='bbox 1563 2604 1664 2636; x_wconf 89' lang='lat' dir='ltr'>ma-</span> 
     </span>
     <span class='ocr_line' id='line_1_80' title="bbox 951 2644 1663 2700; baseline 0.015 -14"><span class='ocrx_word' id='word_1_328' title='bbox 951 2644 1203 2700; x_wconf 72' lang='lat' dir='ltr'>gnificavit.</span> <span class='ocrx_word' id='word_1_329' title='bbox 1216 2647 1358 2692; x_wconf 93' lang='lat' dir='ltr'>—Ut</span> <span class='ocrx_word' id='word_1_330' title='bbox 1378 2661 1489 2695; x_wconf 90' lang='lat' dir='ltr'><strong>non.</strong></span> <span class='ocrx_word' id='word_1_331' title='bbox 1543 2650 1663 2698; x_wconf 70' lang='lat' dir='ltr'>Gld-</span> 
     </span>
     <span class='ocr_line' id='line_1_81' title="bbox 949 2703 1439 2754; baseline 0.014 -7"><span class='ocrx_word' id='word_1_332' title='bbox 949 2703 1018 2748; x_wconf 89' lang='lat' dir='ltr'>ria</span> <span class='ocrx_word' id='word_1_333' title='bbox 1037 2704 1176 2752; x_wconf 87' lang='lat' dir='ltr'>Patri.</span> <span class='ocrx_word' id='word_1_334' title='bbox 1236 2707 1304 2752; x_wconf 89' lang='lat' dir='ltr'>Ut</span> <span class='ocrx_word' id='word_1_335' title='bbox 1326 2720 1439 2754; x_wconf 87' lang='lat' dir='ltr'>non.</span> 
     </span>
    </p>
   </div>
   <div class='ocr_carea' id='block_1_12' title="bbox 980 2777 1626 2904">
    <p class='ocr_par' dir='ltr' id='par_1_17' title="bbox 980 2777 1626 2904">
     <span class='ocr_line' id='line_1_82' title="bbox 1006 2777 1581 2832; baseline 0.016 -9"><span class='ocrx_word' id='word_1_336' title='bbox 1006 2777 1062 2824; x_wconf 89' lang='lat' dir='ltr'>In</span> <span class='ocrx_word' id='word_1_337' title='bbox 1085 2782 1294 2828; x_wconf 85' lang='lat' dir='ltr'>secundo</span> <span class='ocrx_word' id='word_1_338' title='bbox 1318 2782 1581 2832; x_wconf 68' lang='lat' dir='ltr'>Nodturno.</span> 
     </span>
     <span class='ocr_line' id='line_1_83' title="bbox 980 2851 1626 2904; baseline 0.017 -11"><span class='ocrx_word' id='word_1_339' title='bbox 980 2851 1053 2894; x_wconf 86' lang='lat' dir='ltr'>Ex</span> <span class='ocrx_word' id='word_1_340' title='bbox 1073 2851 1191 2897; x_wconf 88' lang='lat' dir='ltr'>libro</span> <span class='ocrx_word' id='word_1_341' title='bbox 1215 2853 1365 2900; x_wconf 73' lang='lat' dir='ltr'>sancsti</span> <span class='ocrx_word' id='word_1_342' title='bbox 1387 2855 1626 2904; x_wconf 75' lang='lat' dir='ltr'>Ambrdsii</span> 
     </span>
    </p>
   </div>
   <div class='ocr_carea' id='block_1_13' title="bbox 161 2904 1655 2977">
    <p class='ocr_par' dir='ltr' id='par_1_18' title="bbox 161 2904 1655 2977">
     <span class='ocr_line' id='line_1_84' title="bbox 161 2904 1655 2977; baseline 0.011 -27"><span class='ocrx_word' id='word_1_343' title='bbox 161 2904 317 2951; x_wconf 86' lang='lat' dir='ltr'>vimus</span> <span class='ocrx_word' id='word_1_344' title='bbox 332 2918 447 2950; x_wconf 86' lang='lat' dir='ltr'>cum</span> <span class='ocrx_word' id='word_1_345' title='bbox 460 2906 677 2964; x_wconf 75' lang='lat' dir='ltr'>patribus</span> <span class='ocrx_word' id='word_1_346' title='bbox 690 2909 874 2962; x_wconf 78' lang='lat' dir='ltr'>nostriS,</span> <span class='ocrx_word' id='word_1_347' title='bbox 950 2909 1189 2969; x_wconf 73' lang='lat' dir='ltr'>Episcopi,</span> <span class='ocrx_word' id='word_1_348' title='bbox 1204 2914 1265 2959; x_wconf 89' lang='lat' dir='ltr'>de</span> <span class='ocrx_word' id='word_1_349' title='bbox 1281 2913 1387 2961; x_wconf 82' lang='lat' dir='ltr'>Elia</span> <span class='ocrx_word' id='word_1_350' title='bbox 1400 2922 1447 2962; x_wconf 86' lang='lat' dir='ltr'>et</span> <span class='ocrx_word' id='word_1_351' title='bbox 1456 2916 1655 2977; x_wconf 75' lang='lat' dir='ltr'>jeji&#39;mio.</span> 
     </span>
    </p>
   </div>
   <div class='ocr_carea' id='block_1_14' title="bbox 264 3079 769 3126">
    <p class='ocr_par' dir='ltr' id='par_1_19' title="bbox 264 3079 769 3126">
     <span class='ocr_line' id='line_1_85' title="bbox 264 3079 769 3126; baseline 0.008 -4"><span class='ocrx_word' id='word_1_352' title='bbox 264 3079 403 3124; x_wconf 83' lang='lat' dir='ltr'>Pars</span> <span class='ocrx_word' id='word_1_353' title='bbox 424 3079 474 3124; x_wconf 85' lang='grc' dir='ltr'><em>Α</em></span> <span class='ocrx_word' id='word_1_354' title='bbox 484 3082 769 3126; x_wconf 80' lang='lat' dir='ltr'>utumnalis.</span> 
     </span>
    </p>
   </div>
   <div class='ocr_carea' id='block_1_15' title="bbox 1514 3110 1547 3154">
    <p class='ocr_par' dir='ltr' id='par_1_20' title="bbox 1514 3110 1547 3154">
     <span class='ocr_line' id='line_1_86' title="bbox 1514 3110 1547 3154; baseline 0 0"><span class='ocrx_word' id='word_1_355' title='bbox 1514 3110 1547 3154; x_wconf 90' lang='lat'><strong>9</strong></span> 
     </span>
    </p>
   </div>
  </div>
 </body>
</html>
