2050 3392
527 251 575 307 C
570 269 826 326 emmane
848 269 960 309 non
997 255 1317 327 Virginum.

205 385 290 423 tua
306 383 353 424 et
381 352 729 437 pulchritudine
750 384 832 425 tua
853 377 923 424 in·

205 437 363 490 tende,
392 437 617 495 prospere
634 437 851 494 procede,
873 446 920 485 et

205 510 367 556 regna.
383 497 567 553 -Quia
591 497 874 557 concupivit.

450 582 615 629 Lee'tio
630 586 673 629 ii.

337 647 642 702 USTAVIT,
710 658 759 696 et
800 648 915 695 vidit

211 652 327 813 ᾧ
362 709 475 767 quia
496 710 625 754 bona
665 715 736 754 est
767 722 913 766 nego-

206 767 240 813 ti
276 775 342 815 tio
355 769 457 826 ejus
472 783 482 814 :
500 781 599 815 non
611 768 913 826 extinguetur

203 829 254 872 in
276 827 418 873 noete
449 828 636 873 lucerna
649 829 763 886 eJuS.
803 828 913 874 Ma-

204 900 321 932 num
337 901 473 933 suam
488 887 611 933 misit
621 889 685 934 ad
701 887 852 940 fortia,
860 896 908 934 et

204 947 344 1005 digiti
366 948 467 1007 ejus
495 947 909 1005 apprehenderunt

202 1007 378 1053 susum.
427 1007 629 1055 Manum
646 1021 781 1056 suam
797 1007 909 1068 ape.-

200 1067 295 1113 ruit
305 1066 450 1125 inopi,
466 1076 511 1114 et
522 1069 706 1127 palmas
715 1083 824 1115 suas
833 1083 911 1115 ex-

200 1126 355 1173 tendit
375 1129 440 1173 ad
463 1128 731 1199 pauperem.
792 1129 906 1176 Non

202 1187 386 1233 timebit
410 1187 573 1234 domui
592 1203 705 1236 suae
720 1203 750 1236 a
767 1189 908 1249 frigo-

199 1247 331 1292 ribus
372 1248 489 1294 nivis
516 1263 527 1294 ε
569 1263 733 1296 omnes
779 1251 905 1297 enim

201 1306 449 1353 domestici
479 1310 579 1368 ejus
610 1310 764 1357 vestiti
796 1318 904 1357 sunt

202 1368 483 1424 duplicibus.
580 1369 901 1430 Stragulatam

203 1435 381 1474 vestem
402 1428 511 1476 fecit
532 1430 620 1475 sibi
642 1432 839 1490 :byssus
855 1439 903 1477 et

202 1486 412 1545 purpura
432 1489 763 1537 indumentum
785 1492 899 1549 ejus.

207 1546 395 1594 Nobilis
430 1549 479 1593 in
513 1551 661 1608 portis
689 1551 757 1596 vir
786 1551 899 1608 ejus,

207 1608 403 1665 quando
419 1608 590 1655 sederit
604 1623 714 1655 curn
728 1612 917 1657 senato·

208 1667 337 1713 ribus
359 1675 523 1714 terrae.
560 1668 823 1715 Sindonem
844 1669 911 1716 fe·
995 1682 996 1685 ’

211 1728 289 1780 cit,
305 1735 352 1773 et
369 1728 593 1781 vendidit,
608 1735 655 1774 et
668 1729 911 1788 cingulum

211 1786 408 1833 tradidit
431 1788 736 1835 Chananae0.

277 1848 346 1892 R7.
393 1846 580 1894 Diffusa
599 1856 669 1895 est
690 1847 842 1906 gratia
863 1850 912 1895 in

208 1897 345 1953 labiis
407 1908 498 1953 tuis
526 1922 536 1954 :
589 1908 613 1932 ff
660 1908 914 1967 Propterea

206 1966 451 2013 benedixit
472 1974 520 2013 te
541 1968 671 2014 Deus
698 1969 745 2013 in
766 1969 915 2016 aeter-

207 2040 337 2073 num.
366 2025 424 2084 Y.
446 2027 614 2086 Specie
631 2037 725 2080 tua,
748 2037 795 2076 et
810 2030 912 2087 pul-

206 2086 472 2133 chritudine
494 2096 577 2134 tua
592 2089 795 2142 intende,
804 2090 912 2147 pro·

207 2161 342 2205 spere
363 2148 580 2205 procede,
607 2157 653 2196 et
685 2162 912 2208 regna.-

210 2207 465 2265 Propterea
484 2208 741 2256 benedixit.

445 2283 604 2332 Leclio
627 2285 684 2331 iii.

221 2348 232 2360 ⁶
344 2357 914 2405 ORTITUDOetdecor

373 2417 703 2464 indumentum
724 2420 837 2477 eius,
864 2425 910 2465 et

210 2475 382 2523 ridebit
423 2476 472 2521 in
513 2477 589 2521 die
629 2478 904 2524 novissime.

212 2536 281 2584 Os
294 2549 433 2581 suurn
441 2535 624 2593 aperuit
631 2537 903 2596 sapientiae,

210 2604 257 2642 et
287 2597 359 2641 lex
382 2596 659 2642 clementiae
678 2598 728 2642 in
749 2598 912 2655 lingua

210 2657 326 2715 ejus,
378 2655 704 2702 Consideravit
720 2657 913 2704 semitas

210 2718 385 2763 domus
397 2730 526 2767 suae,
547 2724 593 2762 et
607 2730 781 2775 panem
794 2717 912 2763 otie-

210 2790 266 2823 sa
298 2789 396 2821 non
427 2775 649 2822 comedit.
695 2775 912 2823 Surrexe-

211 2844 321 2883 runt
350 2835 435 2881 filii
472 2836 585 2893 ejus,
621 2844 668 2882 et
703 2836 918 2882 beatissi-

212 2908 341 2943 mam
383 2896 769 2955 praedicaverunt
798 2911 809 2943 ε
851 2896 921 2941 vir

1547 273 1703 314 CXXV·

990 379 1702 499 ssiff’fiiissudssgi‘gssssssivffl

991 497 1196 551 divitias,
1233 507 1286 546 tu
1320 501 1625 560 supergressa
1651 513 1702 547 es

990 558 1243 605 universas.
1285 559 1449 605 Fallax
1469 559 1636 618 gratia,
1655 567 1701 606 et

990 633 1114 664 vana
1122 629 1190 665 est
1200 617 1522 677 pulchritt‘tdo:
1538 619 1704 666 mulier

992 679 1163 724 timens
1194 679 1371 732 Dnum,
1399 680 1504 737 ipsa
1536 678 1705 726 lauda-

991 738 1131 784 bitur.
1159 739 1284 784 Date
1296 740 1337 784 ei
1355 740 1415 785 de
1428 739 1585 785 fruetu
1603 738 1706 785 ma-

995 810 1143 843 nuum
1176 798 1368 844 suarum
1397 813 1407 844 ε
1438 807 1487 847 et
1508 799 1700 846 laudent

994 871 1102 904 eam
1123 858 1172 904 in
1192 859 1341 916 portis
1362 857 1508 917 opera
1526 861 1641 918 ejus.

1050 916 1121 973 ΚΤ.
1150 917 1317 978 Specie
1331 926 1426 971 tua,
1441 927 1488 965 et
1502 919 1704 977 pulchri·

998 974 1164 1024 tudine
1195 986 1278 1024 tua
1292 974 1319 998 '⁶
1354 978 1568 1033 Intende,
1594 979 1704 1038 pre·

994 1034 1700 1156 {ssffisff‘ssssidger'assiffiniiffls

994 1159 1100 1212 tuis,
1128 1158 1383 1216 propterea
1398 1157 1639 1205 benedixit
1654 1165 1701 1206 te

993 1219 1124 1279 Deus
1145 1219 1194 1263 in
1215 1217 1474 1265 aeternum.
1491 1218 1702 1264 -Inten·

991 1280 1064 1326 de.
1096 1278 1266 1326 Gloria
1289 1278 1430 1326 Patri.
1482 1278 1693 1326 Intende.

1051 1354 1101 1398 ln
1123 1352 1335 1400 =secundo
1361 1350 1623 1398 Nocturna

1017 1428 1091 1473 Ex
1111 1428 1232 1474 libro
1251 1427 1405 1474 saneti
1426 1427 1666 1475 Ambrosii

1074 1488 1302 1547 Episcopi
1323 1489 1387 1533 de
1405 1488 1592 1534 Viduis.

1048 1562 1213 1609 Lecstio
1235 1564 1291 1609 iv.
1376 1567 1526 1625 Prope
1529 1567 1626 1626 fin.

1116 1692 1127 1704 Ι
1223 1639 1426 1686 GRUM
1449 1639 1574 1684 hunc
1602 1638 1692 1685 Ec-

1252 1700 1421 1746 clesiae
1490 1699 1689 1747 fertilem

1103 1765 1136 1805 ,L
1179 1800 1197 1809 N
1252 1773 1406 1813 cerno,
1426 1772 1552 1805 nunc
1576 1760 1693 1805 inte-

993 1794 1214 1861 st--ss-Q‘A‘*
1251 1818 1436 1879 gritatis
1456 1818 1572 1865 flore
1592 1832 1688 1864 ver·

982 1878 1195 1933 nentem,
1258 1892 1385 1925 nunc
1446 1878 1687 1925 viduitatis

981 1940 1216 2000 gravitate
1247 1940 1519 1998 pollentem,
1562 1953 1687 1985 nunc

982 2002 1130 2048 etiam
1146 1999 1352 2059 coniugii
1367 1997 1596 2046 fruetibus
1616 2014 1687 2046 re-

982 2062 1293 2108 dundamem.
1310 2059 1437 2105 Nam
1447 2060 1533 2107 etsi
1543 2061 1590 2106 di
1595 2060 1687 2106 ver-

980 2122 1033 2174 si,
1056 2121 1197 2167 unius
1211 2128 1371 2168 tamen
1391 2120 1491 2179 agri
1506 2120 1687 2166 fruetus

981 2189 1109 2227 sunt:
1129 2195 1214 2227 nec
1224 2189 1357 2227 tanta
1370 2180 1615 2227 horterum
1629 2180 1686 2225 li-

981 2240 1684 2304 lia,quantaearistaesegetum,

987 2301 1211 2347 messium
1242 2300 1403 2358 spicae
1429 2314 1440 2346 :
1472 2300 1685 2357 complu-

982 2360 1199 2418 riumque
1218 2359 1375 2417 spatia
1405 2358 1684 2417 camperum

981 2417 1519 2537 ffiffffgflssffmassgffi}
1540 2417 1686 2523 32¹3}

982 2541 1049 2585 les
1061 2538 1293 2584 fruetibus
1300 2537 1537 2583 ferientur.
1555 2537 1688 2582 Bona

982 2612 1097 2656 ergo
1138 2596 1354 2654 viduitas.
1392 2610 1514 2664 quae
1545 2596 1685 2642 toties

977 2657 1259 2716 Apostolico
1263 2656 1442 2714 judicio
1451 2655 1689 2713 praedica-

985 2725 1075 2763 tur.
1098 2717 1235 2761 Haec
1251 2716 1376 2760 enim
1392 2715 1618 2774 magistra
1635 2715 1688 2761 si-

984 2777 1075 2830 dei,
1102 2775 1330 2832 magistra
1350 2783 1420 2820 est
1437 2775 1680 2822 castitatis.

1046 2835 1114 2890 R7.
1148 2835 1345 2893 Propter
1359 2835 1616 2889 veritatem,
1642 2844 1688 2882 et

985 2893 1409 2950 mansuetudinem,
1457 2903 1502 2941 et
1553 2895 1691 2955 justi-
