2050 3392
174 402 263 444 xxi.

174 451 276 495 lxix.

174 504 254 554 liij.

176 552 282 613 lxxj.

117 603 121 616 '
177 604 290 665 cviij.

176 657 279 707 lva.

176 708 262 748 xlv.

833 266 1025 318 Index.

382 401 517 449 Deus,
539 399 661 442 Deus
678 412 812 448 meus,
830 397 992 450 respice
1009 396 1055 439 in
1072 410 1153 438 me.

386 452 522 500 Deus,
541 450 586 492 in
603 449 673 501 adj
680 448 863 491 utorium
881 462 1020 490 meum
1039 447 1222 489 intende.

385 502 519 550 Deus,
541 500 583 542 in
602 500 768 542 nomine
787 510 862 541 tuo
880 500 1044 541 salvum
1061 512 1128 540 me
1146 498 1226 539 fac.

383 553 519 601 Deus,
542 551 746 593 ‘udicium
764 561 886 593 tuum
904 549 993 601 regi
1011 550 1080 590 da.

382 605 518 652 Deus,
581 604 708 644 udem
726 616 864 643 meam
881 616 934 643 ne
952 599 1150 642 tacueris.
1340 646 1353 659 ·

384 656 506 697 Deus
524 654 772 695 misereatur
788 652 933 701 nostri,
951 661 993 693 et
1009 649 1239 694 benedicat
1255 646 1390 695 nobis-

383 707 504 747 Deus
523 714 664 746 noster
681 703 905 755 refugium,
921 713 964 744 et
983 702 1130 745 virtus.

176 757 325 808 lxxxij.
378 758 520 805 Deus,
539 756 633 807 quis
651 755 798 796 similis
816 754 895 795 erit
913 752 1002 794 tibi.

178 808 251 849 lix.

179 856 312 907 lxxxj.

180 907 342 958 lxxviij.

179 958 294 1008 xciij.

178 1009 288 1052 cxiv.

178 1059 267 1110 xvij
273 1091 281 1100 .

179 1110 352 1161 xxxviij.

193 1161 274 1203 cix.

181 1226 309 1253 xxxv.

183 1261 258 1321 ¹11³.

183 1326 273 1403 κιιΙι.

182 1376 234 1404 cx
253 1393 262 1403 .

180 1413 254 1464 vij.

180 1463 355 1514 lxxxvij.

180 1514 271 1606 viiii.

180 1580 234 1609 cx
253 1565 294 1616 ij.

180 1617 236 1667 ej.

180 1681 250 1729 '‘3‘'

180 1731 238 1769 vJ.
300 1767 326 1778 ..

181 1781 341 1819 xxxvij.

179 1832 306 1861 cxxx.

383 807 519 856 Deus,
536 805 726 858 repulisti
744 819 834 853 nos,
850 813 895 845 et
911 804 1160 846 destruxisti
1177 818 1267 847 nos.

384 858 503 898 Deus
521 856 638 898 stetit
655 857 698 897 in
716 868 937 907 synagoga
954 855 1143 896 deorum.

385 908 519 956 Deus,
534 917 739 948 venerunt
758 906 918 947 Gentes
936 905 979 945 in
998 905 1315 948 haereditatem.

383 958 504 999 Deus
522 958 730 1000 ultionum
750 956 972 997 Dominus.

385 1008 542 1058 Dilexi,
555 1009 756 1060 quoniam
773 1007 974 1049 exaudiet
991 1007 1217 1050 Dominus.

385 1059 573 1118 Diligam
592 1069 649 1109 te,
666 1058 867 1107 Domine,
879 1058 1084 1100 fortitudo
1102 1072 1211 1099 mea.

387 1110 512 1152 Dixi:
532 1110 783 1151 Custodiam
803 1108 892 1150 vias
911 1122 1039 1150 meas.

384 1160 505 1201 Dixit
516 1160 734 1202 Dominus
753 1159 939 1206 Domino
958 1173 1065 1200 meo.

390 1211 510 1252 Dixit
528 1211 709 1262 injustus
727 1220 774 1251 ut
792 1210 1010 1261 delinquat
1029 1210 1074 1251 in
1091 1208 1330 1260 semetipso.

390 1261 510 1319 Dixit
528 1260 726 1313 insipiens
744 1261 788 1302 in
806 1262 933 1302 corde
952 1275 1041 1302 suo.
1072 1291 1085 1302 .
1116 1291 1128 1303 .
1160 1291 1170 1302 .
1203 1261 1336 1301 Deus.

388 1311 507 1352 Dixit
525 1311 724 1364 insipiens
743 1311 785 1353 in
804 1313 931 1353 corde
949 1326 1039 1353 suo.
1070 1341 1082 1353 .
1114 1342 1125 1353 .
1154 1341 1167 1353 .
1199 1308 1419 1352 Dominus.

360 1365 366 1370 ”
388 1361 584 1411 Domine,
601 1362 780 1404 clamavi
797 1363 854 1404 ad
873 1371 928 1411 te,
945 1361 1103 1404 exaudi
1120 1375 1200 1403 me.

386 1412 569 1454 Domine
588 1413 710 1454 Deus
729 1427 863 1461 meus,
879 1412 921 1453 in
939 1422 982 1454 te
1000 1412 1179 1465 speravi.

386 1463 569 1505 Domine
588 1464 710 1504 Deus
728 1463 876 1504 salutis
894 1477 1027 1505 meae.

386 1514 571 1555 Domine
589 1514 800 1555 Dominus
818 1523 972 1555 noster.

388 1564 586 1612 Domine,
601 1564 756 1605 exaudi
760 1595 939 1607 .....
969 1564 1156 1606 auribus.
1321 1570 1332 1592 ⁹

388 1614 588 1673 Domine,
602 1615 759 1673 exaudi
761 1645 939 1657 .....
970 1626 1014 1657 et
1034 1616 1203 1656 clamor.

388 1665 588 1725 Domine,
605 1678 648 1706 in
666 1664 822 1708 virtute
840 1674 914 1708 tua
931 1666 1161 1708 laetabitur
1178 1678 1264 1706 rex.

387 1717 586 1775 Domine,
603 1730 657 1757 ne
675 1717 718 1757 in
734 1717 885 1759 furore.
917 1749 928 1759 .
958 1749 969 1759 .
1000 1749 1011 1759 .
1046 1717 1262 1758 Miserere.

388 1767 587 1826 Domine,
603 1781 656 1809 ne
674 1767 717 1808 in
735 1768 884 1810 furore.
916 1800 926 1810 .
958 1799 969 1810 .
1000 1800 1010 1810 .
1044 1766 1269 1819 Quoniam.

389 1817 588 1866 Domine,
601 1831 685 1859 non
703 1829 767 1859 est
785 1819 1016 1860 exaltatum
1034 1832 1108 1860 cor
1124 1830 1276 1858 meum.

179 1867 588 1918 cxxxviiJ.Domine‚
605 1869 792 1919 probasti
811 1883 892 1918 me,
908 1879 951 1910 et
969 1867 1204 1920 cognovisti
1221 1879 1302 1906 me.

178 1919 243 1979 iij.

180 1983 269 2011 xiv.

181 2018 342 2062 lxxxix.

179 2069 301 2131 xxiij.

180 2135 298 2172 xxvj.

178 2237 280 2274 xciJ.

178 2275 293 2325 xcvj.

179 2325 308 2377 xcviij
315 2357 324 2366 .

179 2383 357 2434 cxxxiij.

180 2433 342 2484 cxxxij.

180 2484 286 2535 lviij.

182 2534 351 2577 cxxxix.

182 2586 284 2627 xliv.

181 2636 308 2680 cxliv.

182 2688 300 2731 xxix.

184 2741 270 2783 xix.

184 2791 290 2842 lxiij.

182 2843 240 2885 lx.

184 2893 256 2935 liv.

392 1918 591 1967 Domine,
603 1918 706 1970 quid
726 1919 990 1970 multiplicati
1008 1929 1107 1960 sunt
1124 1917 1199 1969 qui
1218 1914 1420 1957 tribulant
1437 1925 1516 1955 me.

391 1968 590 2018 Domine,
606 1969 702 2020 quis
720 1969 927 2011 habitabit
946 1970 988 2010 in
1006 1968 1281 2011 tabernaculo
1298 1974 1384 2008 tuo.

391 2019 589 2068 Domine,
606 2019 815 2071 refugium
833 2020 969 2061 factus
987 2035 1034 2060 es
1052 2019 1185 2061 nobis.

389 2070 564 2111 Domini
581 2080 647 2111 est
665 2080 789 2119 terra,
806 2080 850 2112 et
866 2070 1088 2122 plenitudo
1106 2069 1209 2110 e‘us.

390 2120 602 2163 Dominus
620 2121 868 2162 illuminatio
887 2135 996 2168 mea,
1011 2131 1056 2162 et
1073 2134 1121 2160 sa
1139 2133 1188 2160 us
1205 2132 1311 2160 mea.

385 2172 597 2214 Dominus
615 2173 724 2223 regit
742 2186 823 2220 me,
841 2181 883 2212 et
901 2171 1005 2212 nihil
1022 2170 1127 2211 mihi
1146 2169 1295 2211 deerit.

387 2223 598 2265 Dominus
616 2223 824 2274 regnavit,
839 2224 1036 2265 decorem
1054 2221 1229 2262 indutus
1247 2229 1323 2261 est.

386 2274 598 2316 Dominus
617 2274 823 2325 regnavit,
839 2273 1001 2314 exultet
1020 2282 1144 2313 terra.

388 2325 599 2366 Dominus
617 2324 824 2375 regnavit,
842 2323 1077 2364 irascantur
1094 2320 1253 2374 populi.

390 2383 547 2424 ECCE
568 2395 678 2424 nunc
697 2379 934 2422 benedicite
953 2379 1199 2420 Dominum.

387 2433 501 2475 Ecce
519 2447 647 2484 quam
665 2432 823 2473 bonum
841 2441 885 2472 et
902 2444 1031 2489 quam
1044 2429 1296 2480 jucundum.

358 2519 371 2525 -
390 2483 520 2534 Eripe
539 2497 606 2524 me
623 2483 678 2525 de
695 2481 875 2523 inimicis
892 2495 1011 2530 meis,
1029 2481 1152 2521 Deus
1169 2491 1301 2519 meus.

388 2534 520 2585 Eripe
537 2547 620 2583 me,
636 2533 837 2582 Domine,
851 2533 907 2574 ab
924 2532 1095 2574 homine
1113 2529 1238 2570 malo.

390 2584 615 2626 Eructavit
632 2600 705 2627 cor
722 2599 862 2626 meum
881 2584 1057 2625 verbum
1075 2580 1246 2621 bonum.

389 2636 603 2678 Exaltabo
620 2646 678 2686 te,
695 2637 817 2678 Deus
834 2650 954 2677 meus
974 2635 1081 2674 Rex.
1282 2678 1293 2689 .
1337 2675 1351 2689 ⁸

391 2688 604 2729 Exaltabo
621 2696 679 2735 te,
696 2686 895 2735 Domine,
911 2684 1111 2736 quoniam
1130 2686 1352 2740 suscepisti
1369 2687 1452 2720 me.

390 2738 608 2780 Exaudiat
626 2748 668 2779 te
688 2737 898 2779 Dominus
916 2736 960 2777 in
978 2735 1049 2776 die
1068 2733 1359 2774 tribulationis.

389 2788 577 2836 Exaudi,
592 2789 728 2837 Deus,
744 2787 977 2828 orationem
996 2799 1133 2826 meam
1151 2797 1249 2825 cum
1265 2782 1478 2833 deprecor.

390 2839 576 2888 Exaudi,
592 2840 729 2887 Deus,
745 2836 1085 2888 deprecationem
1103 2848 1252 2876 meam.

389 2890 576 2939 Exaudi,
594 2890 729 2938 Deus,
745 2887 976 2930 orationem
994 2900 1146 2935 meam,
1163 2894 1206 2927 et
1222 2899 1278 2927 ne
1294 2877 1546 2936 despexeris.
1619 2891 1671 2932 77
