2050 3392
342 260 405 300 10

394 340 657 413 E—xultabit
680 379 764 412 cor
793 380 952 412 meum
990 366 1039 411 in

331 427 525 497 saiutari
548 435 633 496 tuo
663 440 673 471 ε
697 425 909 497 cantobo·
940 425 1039 495 Do-

332 501 484 592 Ἣ
498 500 579 544 ω
612 486 1040 603 mmuzmmm

335 605 527 652 Domini
549 605 776 651 altissimi.

517 696 729 741 Psalmus
764 695 854 740 xiii.

481 785 500 828 I
524 784 568 828 X
587 784 607 828 1
627 784 672 828 T
717 782 940 842 insipiens
979 782 1030 827 in

333 778 478 946 Q
508 844 652 889 corde
683 856 811 889 suo:
851 841 879 867 ⁴*
915 841 1031 888 Non

327 909 399 947 est
472 916 569 948 eus.

385 961 608 1019 Coi-rupti
631 970 754 1014 sunt,
781 968 827 1007 et
849 960 1031 1007 abomi-

326 1019 507 1066 nabiles
528 1020 641 1066 fa6ti
662 1028 772 1067 sunt
795 1022 841 1065 in
863 1021 1031 1066 studiis

325 1081 423 1125 suis
451 1094 461 1125 ε
485 1079 513 1104 ⁴*
543 1094 640 1126 non
671 1089 741 1126 est
773 1081 854 1138 qui
887 1080 1029 1126 sociat

325 1140 519 1192 bonum,
558 1153 654 1185 non
684 1148 754 1186 est
785 1154 936 1197 usque
965 1141 1031 1185 ad

327 1213 489 1244 unum.

388 1259 525 1304 Dfius
552 1259 614 1304 de
629 1259 763 1304 coelo
787 1259 1028 1318 prospexit

326 1332 468 1376 super
498 1318 620 1364 filios
648 1318 908 1371 hominum,
929 1318 956 1342 ⁴*
978 1328 1032 1364 ut

326 1378 483 1423 videat
505 1379 543 1424 si
560 1387 630 1424 est
652 1379 928 1436 intelligens,
947 1386 1030 1424 aut

326 1437 568 1494 requirens
593 1439 763 1484 Deum.

386 1496 566 1541 Omnes
582 1497 946 1548 declinaverunt.
969 1497 1031 1542 si-

327 1556 427 1599 mul
467 1555 652 1601 inutiles
688 1555 802 1600 facti
838 1564 948 1602 sunt
971 1555 1029 1602 2¹¹*

326 1627 424 1658 non
455 1621 525 1659 est
558 1615 638 1671 qui
662 1613 803 1659 faciat
824 1616 1019 1668 bonum,

327 1687 423 1719 non
447 1680 519 1719 est
540 1686 691 1731 usque
712 1674 774 1719 ad
797 1688 959 1721 unum.

385 1733 697 1792 Sepulchrum
748 1743 915 1792 patens
958 1743 1031 1781 est

324 1802 491 1851 guttur
510 1794 708 1840 eorum:
731 1795 902 1853 linguis
933 1796 1032 1842 suis

326 1853 493 1900 dolose
543 1855 780 1911 agebant,
832 1852 859 1877 ⁴*
877 1854 1031 1899 veno-

327 1927 441 1959 num
489 1912 710 1972 aspidum
761 1914 851 1959 sub
894 1912 1029 1959 labiis

324 1972 503 2019 eorum.

385 2034 603 2088 Quorum
625 2047 679 2078 os
694 2031 1030 2078 malediofione

325 2101 373 2138 et
383 2093 696 2138 amaritudine
706 2094 897 2151 plenum
906 2100 996 2137 est:
987 2092 1029 2117 ³*

327 2152 510 2198 veloces
532 2154 681 2209 pedes
701 2152 866 2199 eorum
884 2153 947 2197 ad
963 2152 1029 2197 ef—

326 2211 624 2257 fundendum
645 2212 939 2269 sanguinem.

386 2271 623 2317 Contritio
643 2280 690 2317 et
711 2271 990 2317 infelicitas
978 2284 1027 2315 m

326 2332 411 2378 viis
442 2331 619 2383 eorum.
655 2339 701 2376 et
734 2332 857 2375 viam
894 2331 1027 2387 pacis

324 2404 421 2435 non
443 2389 830 2447 cognoveruntt'*
846 2398 1028 2435 nonest

325 2452 468 2495 timor
500 2451 588 2495 Dei
620 2458 731 2496 ante
761 2449 925 2496 oculos
949 2449 1030 2495 eo-

323 2523 441 2554 rum.

384 2568 559 2613 Nonne
599 2533 888 2625 cognoscent
924 2582 1028 2613 om-

322 2640 404 2671 nes
426 2628 506 2683 qui
529 2628 785 2685 operamur
807 2627 1025 2684 iniquita-

321 2686 466 2736 tem!
488 2688 568 2742 qui
591 2687 818 2732 devorant
836 2687 1023 2744 plebem

321 2758 477 2788 meam
501 2746 621 2791 sicut
644 2759 801 2791 escam
825 2746 995 2803 panis?

381 2802 643 2848 Dominum
693 2818 792 2849 non
838 2806 1024 2851 invoca·

320 2862 518 2913 verunt,
561 2860 588 2884 ⁴*
620 2863 713 2908 illic
761 2863 1024 2922 trepidavo-

642 244 943 298 Dominica
968 244 1053 297 ad
1070 243 1443 296 Matutinum.

1108 372 1218 411 runt
1253 340 1431 417 timore.
1460 364 1544 410 ubi
1581 379 1687 412 non
1722 338 1821 413 erat

1111 426 1263 471 timor.

1165 484 1407 540 Quoniam
1439 484 1613 530 Dssus
1600 499 1651 530 m
1678 499 1823 543 gene-

1107 544 1290 590 ratione
1306 544 1437 602 J'usta
1451 552 1535 596 est,
1564 546 1823 592 consilium

1106 603 1262 662 Inopis
1292 603 1575 650 confudistis
1598 619 1609 650 ε
1639 603 1668 629 ⁴*
1698 605 1823 663 quo-

1108 663 1236 708 niam
1260 663 1397 709 Diius
1416 676 1527 721 spes
1547 665 1652 723 ejus
1674 672 1766 712 est.

1166 723 1287 779 Quis
1307 723 1441 781 dabit
1474 736 1532 768 ex
1553 723 1670 769 Sion
1690 725 1822 771 salu·

1108 780 1209 828 tore
1225 783 1370 828 Israe'l
1385 782 1406 827 Ρ
1423 780 1450 805 ⁴*
1466 795 1576 827 cum
1593 783 1820 830 avorterit

1110 841 1345 888 Dominus
1367 841 1692 900 captivitdtem
1715 844 1821 901 ple·

1106 902 1181 947 bis
1222 914 1350 952 suae,
1386 902 1616 948 exultabit
1635 902 1813 964 Jacob,

1108 969 1155 1007 et
1177 960 1428 1006 laetabitur
1451 961 1611 1008 Israei.

1300 1046 1514 1093 Psalmus
1547 1049 1629 1091 xix:

1253 1137 1356 1185 OM
1362 1138 1434 1183 IN
1439 1139 1494 1191 E,
1534 1139 1642 1196 quis
1677 1140 1814 1186 habi·

1278 1198 1398 1245 tobit
1426 1198 1474 1243 in
1503 1199 1817 1246 tabernaculo

1101 1265 1186 1303 tuo
1206 1256 1228 1302 ?
1252 1256 1280 1282 ⁴*
1310 1266 1394 1303 aut
1419 1259 1526 1315 quis
1546 1259 1814 1315 requiescet

1100 1317 1148 1361 in
1164 1325 1327 1362 monte
1346 1316 1516 1365 saneto
1538 1325 1622 1363 tuo
1637 1319 1659 1363 ?

1159 1377 1253 1432 Qui
1276 1377 1536 1435 ingreditur
1567 1378 1668 1422 sine
1703 1379 1811 1425 mo.-

1099 1434 1255 1487 cula,*
1263 1445 1308 1481 et
1321 1435 1806 1507 operaturjustitiam:

1157 1495 1252 1550 Qui
1269 1495 1477 1577 loquitur
1492 1495 1768 1541 veritatem
1757 1512 1808 1544 m

1097 1556 1241 1600 corde
1275 1569 1374 1607 suo,
1405 1552 1533 1612 ⁴*qui
1565 1568 1662 1600 non
1703 1558 1806 1615 egit

1100 1614 1298 1659 dolum
1287 1628 1334 1658 m
1354 1615 1519 1672 lingua
1538 1628 1659 1660 sua:

1161 1673 1264 1720 Nec
1303 1674 1412 1720 fecit
1453 1673 1673 1732 proximo
1712 1689 1807 1722 suo

1099 1734 1290 1787 malum,
1300 1733 1374 1779 *et
1384 1733 1694 1792 opprobrium
1703 1749 1806 1782 non

1099 1793 1281 1850 accepit
1302 1795 1525 1840 adversus
1559 1794 1806 1853 proximos

1096 1866 1223 1898 suos.

1155 1913 1234 1958 Ad
1256 1912 1454 1958 nihilum
1475 1912 1711 1960 deductus
1731 1923 1805 1961 est

1099 1972 1146 2016 in
1196 1972 1458 2030 conspoo'tu
1513 1973 1617 2030 ejus
1668 1974 1805 2019 mali-

1098 2045 1244 2088 gnus:
1259 2030 1286 2055 ⁴*
1295 2032 1514 2078 timentes
1529 2040 1690 2077 autem
1702 2033 1804 2079 Do-

1099 2092 1280 2135 minum
1292 2091 1548 2161 glorificat:

1158 2151 1252 2206 Qui
1284 2153 1410 2209 jurat
1444 2149 1663 2233 proximo
1691 2165 1795 2204 suo,

1098 2217 1144 2254 et
1176 2224 1273 2255 non
1305 2208 1530 2268 decipit?
1552 2211 1632 2268 qui
1659 2211 1802 2269 pecu-

1096 2270 1225 2315 niam
1257 2283 1393 2315 suam
1425 2282 1523 2314 non
1558 2271 1693 2316 dedit
1735 2272 1800 2316 ad

1096 2329 1300 2381 usuram,
1337 2337 1384 2374 et
1431 2342 1629 2374 munera
1659 2343 1804 2388 super

1095 2389 1391 2434 innocentem
1415 2402 1513 2433 non
1532 2388 1732 2446 accopit.

1152 2448 1248 2504 Qui
1269 2448 1382 2493 facit
1398 2447 1563 2499 haec&
1581 2461 1679 2493 non
1699 2461 1802 2493 mo-

1094 2508 1278 2553 vobitur
1299 2508 1348 2553 in
1370 2507 1630 2553 aeternum.

1157 2559 1245 2606 Per
1275 2560 1478 2614 Annum,
1529 2561 1649 2608 Λίἰει.
1701 2567 1793 2620 Tu,

1096 2627 1313 2678 Domine,
1361 2626 1566 2671 servabis
1598 2639 1700 2679 nos,
1751 2634 1799 2672 et

1092 2687 1333 2732 custodies
1353 2699 1455 2732 nos.

1149 2736 1218 2794 5!-
1245 2747 1434 2791 Memor
1453 2746 1518 2790 fui
1540 2743 1684 2790 noo'te
1713 2726 1818 2791 no-

1095 2804 1232 2851 minis
1263 2806 1344 2858 tui,
1383 2805 1603 2851 Domine.
1631 2799 1706 2858 1³⁸.
1733 2805 1797 2850 Et

1092 2864 1327 2910 custodivi
1350 2864 1502 2922 legem
1524 2872 1671 2910 tuam.
