2050 3392
429 413 594 461 Leelio
611 427 653 460 v.

353 500 402 546 T
450 506 629 552 contra,
665 498 899 557 sapientia

370 560 606 618 J‘usterum
626 567 716 604 est:
734 559 798 604 nil
815 572 901 616 per

192 619 516 678 ostensienem
563 617 754 676 fingere.
794 631 899 663 sen·

192 694 303 727 sum
324 680 475 724 verbis
495 678 688 736 aperire.
717 691 826 722 vera
845 684 898 722 ut

192 748 306 786 sunt
353 739 561 797 diligere,
608 737 729 783 falsa
772 737 900 781 devi-

193 799 311 852 tare,
358 799 488 844 bona
528 798 678 856 gratis
711 795 900 841 exhibe-

192 873 261 912 re,
282 858 410 903 mala
436 856 654 903 libentius
676 856 888 907 tolerare,

192 931 344 977 quam
376 917 559 963 facere:
581 917 757 963 nullam
780 914 900 974 inju-

191 979 294 1024 riae
306 977 533 1024 ultionem
550 991 786 1034 quaerere,
812 989 901 1034 pro

193 1036 392 1084 veritate
450 1036 787 1082 contumeliam
832 1036 902 1080 lu-

193 1111 330 1144 crum
387 1096 569 1155 putere.
638 1097 735 1141 Sed
784 1096 902 1142 haec

191 1156 431 1216 Justerum
470 1155 747 1214 simplicitas
780 1156 902 1200 deri-

195 1217 361 1263 detur:
375 1217 490 1274 quia
503 1216 569 1261 ab
582 1216 723 1273 huJus
736 1215 901 1260 mundi

195 1275 360 1382 {apietn
366 1274 903 1381 tibus.6plut1·itatisgirtus

217 1351 249 1382 a
273 1350 318 1381 ui
341 1350 395 1382 as
453 1349 504 1381 cr
566 1349 579 1380 ι
603 1349 672 1381 ur.
793 1348 902 1380 mne

197 1397 326 1443 enirn
354 1396 486 1454 quod
510 1394 785 1441 innocenter
802 1394 903 1452 agi-

199 1466 291 1509 tur,
345 1457 411 1501 ab
463 1456 530 1500 eis
588 1454 902 1512 proculdubio

199 1517 398 1563 stultum
433 1514 630 1573 putatur
655 1528 666 1559 :
697 1522 745 1559 et
766 1514 904 1571 quid-

198 1576 319 1634 quid
335 1576 382 1620 in
395 1575 537 1633 opere
552 1574 721 1620 veritas
733 1573 906 1632 appro-

199 1638 298 1688 bat,
335 1634 511 1680 carnali
539 1633 800 1692 sapientiae
833 1631 901 1678 sa-

203 1705 339 1743 tuum
356 1702 506 1741 sonat.
550 1694 680 1751 Quid
694 1706 902 1750 namque

202 1755 393 1802 stultius
451 1754 638 1800 videtur
701 1753 895 1804 mundo,

202 1830 350 1874 quam
364 1823 571 1861 mentem
585 1814 736 1859 verbis
748 1811 905 1858 osten-

202 1878 329 1929 dere,
364 1875 430 1920 nil
460 1874 632 1920 callida
663 1871 903 1917 machina·

204 1936 335 1982 tione
356 1933 587 1985 simulare,
610 1932 762 1977 nullas
784 1930 905 1989 inju-

205 1996 286 2041 riis
326 1993 637 2041 contumelias
690 1991 897 2042 reddere,

203 2069 295 2114 pro
335 2052 722 2099 maledicentibus
751 2049 899 2103 orare,

203 2112 907 2237 &Q‘ssfssautssssfffsszzffi

203 2248 304 2281 non
348 2232 573 2284 resistere,
628 2229 907 2288 percutienti

202 2295 408 2401 &gam
473 2290 714 2338 maxillam
774 2301 909 2347 prae·

265 2586 377 2644 Cap.
405 2582 509 2628 xvii.
530 2585 635 2642 post
660 2580 879 2627 initium.

354 2659 580 2705 AMPAS
638 2656 917 2719 contempta

395 2721 529 2780 apud
602 2715 918 2775 cogitatienes

463 264 771 324 ‘Commune
798 262 848 318 C
842 262 1036 334 onfess.
1063 277 1176 315 non
1200 260 1414 330 Pontifi
1502 257 1671 315 xcvii.

966 394 1057 440 tur,
1090 384 1319 431 continua
1358 384 1435 430 hic
1467 383 1672 430 adversi-

968 446 1068 492 tate
1090 443 1406 504 deprimatur:
1431 458 1528 490 non
1545 445 1673 489 hunc

969 519 1125 551 rerum
1158 504 1455 550 abundantia
1490 503 1668 556 fulciat,

969 578 1067 610 non
1094 563 1382 622 dignitatum
1410 562 1563 620 gleria
1586 563 1676 608 ho·

968 623 1230 670 notabilem
1272 622 1507 675 ostendat,
1544 622 1676 667 nulla

969 684 1012 730 ei
1053 682 1417 741 obseqoentium
1458 680 1482 726 f
1559 681 1677 727 uen-

971 741 1675 848 {Zmiffl¹1²}³⁸²²<²s‘e’u1¹1¹s⁰¹¹ss÷sti¹1²2¹1²1‘i

970 876 1086 967 311⁰?
1083 876 1206 967 31³}ss
1207 861 1677 978 ἓὲἓῗοῖῗῑιὶεῖἒῗῃῖἶ

975 989 1064 1034 tur,
1091 989 1139 1026 et
1160 981 1299 1039 hujus
1321 979 1487 1025 mundi
1517 979 1675 1036 gratia

971 1041 1199 1099 indignus
1233 1038 1546 1085 aestimatur:
1588 1040 1675 1084 sed

970 1110 1132 1147 tamen
1160 1107 1272 1145 ante
1302 1098 1474 1144 occulti
1501 1096 1674 1156 judicis

968 1160 1135 1207 eculos
1181 1157 1431 1204 virtutibus
1480 1157 1667 1210 emicat,

971 1221 1094 1266 vitae
1154 1219 1331 1265 meritis
1406 1217 1623 1264 conisoet
1659 1231 1672 1263 :

970 1279 1193 1326 honorati
1254 1277 1435 1330 metuit,
1492 1276 1674 1334 despici

969 1354 1068 1386 non
1088 1339 1258 1397 refugit
1285 1352 1295 1383 :
1319 1350 1492 1395 corpus
1521 1337 1674 1382 conti-

970 1399 1132 1445 nentia
1163 1398 1322 1451 afficit,
1361 1397 1465 1442 sola
1494 1395 1543 1440 in
1571 1395 1673 1441 eni-

971 1473 1052 1505 mo
1094 1457 1346 1504 dileetiene
1379 1455 1671 1514 pinguescit:

971 1526 1179 1564 mentem
1200 1530 1387 1574 semper
1405 1516 1470 1560 ad
1491 1515 1676 1572 patien-

972 1579 1088 1624 tiam
1120 1584 1389 1634 praeparat,
1415 1583 1463 1620 et
1491 1574 1677 1619 ereetus

971 1650 1060 1696 pro
1096 1636 1294 1695 justitia,
1341 1635 1401 1679 de
1442 1632 1676 1691 perceptis

971 1695 1269 1744 contumeliis
1309 1693 1488 1740 exultat
1514 1707 1526 1737 ε
1556 1691 1679 1737 affli-

971 1758 1063 1804 etis
1102 1770 1161 1801 ex
1195 1755 1340 1800 corde
1369 1750 1671 1810 compatitur,

972 1818 1036 1863 de
1074 1814 1310 1862 bonerum
1356 1810 1678 1871 prosperitati·-

972 1878 1063 1922 bus
1093 1873 1229 1933 quasi
1260 1875 1320 1919 de
1350 1872 1551 1931 prepriis
1582 1871 1679 1916 lae-

975 1936 1115 1989 tetur,
1171 1934 1292 1979 sacri
1340 1932 1469 1979 verbi
1500 1929 1679 1989 pabula

974 1998 1022 2042 in
1065 2002 1224 2040 mente
1267 1991 1498 2037 sollicitus
1533 1990 1681 2036 rumi-

975 2064 1073 2109 nat,
1123 2061 1172 2099 et
1220 2051 1473 2110 inquisitus
1522 2048 1679 2108 qued-

976 2116 1090 2162 libet
1104 2112 1263 2171 eloqui
1278 2110 1529 2171 dupliciter
1543 2108 1682 2169 igno·-

976 2184 1065 2222 rat.

1034 2227 1106 2285 R?-
1140 2231 1236 2280 Iste
1257 2232 1417 2279 homo,
1439 2244 1515 2276 xc.

1071 2307 1126 2349 In
1148 2303 1285 2349 tertio
1310 2299 1572 2346 Nocturna

1012 2511 1179 2558 Lec'tio
1201 2510 1274 2556 vii.
1361 2515 1473 2573 Cap.
1499 2471 1574 2557 xii.
1601 2510 1654 2557 d.

1090 2591 1138 2636 N
1170 2589 1253 2635 illo
1272 2587 1518 2644 tempore:
1552 2582 1686 2630 Dixit

1113 2650 1254 2714 Jesus
1285 2645 1527 2703 discipulis
1556 2642 1684 2690 suis:

987 2710 1152 2757 Nolite
1165 2707 1329 2755 timere
1340 2705 1538 2764 pusillus
1549 2715 1680 2761 grex.

209 2781 430 2830 divitum.
478 2780 634 2847 Saepe
664 2775 911 2845 contingit,
987 2772 1105 2830 quia
1129 2766 1416 2835 complecuit
1449 2763 1577 2809 Patri
1608 2774 1689 2806 ve-

209 2851 266 2889 ut
297 2839 476 2887 eleetus
505 2850 611 2896 quis
646 2849 720 2889 ue,
742 2848 823 2893 qux
853 2834 918 2879 ad
986 2839 1089 2877 stro
1134 2831 1249 2874 dare
1291 2825 1429 2874 vobis
1466 2832 1689 2884 regnum.-

323 3073 453 3121 Pars
473 3070 519 3116 A
527 3068 813 3116 utumnalis.

209 2900 461 2951 aeternam
479 2897 603 2943 felici
655 2902 755 2942 tem
787 2892 921 2941 duci-
989 2891 1056 2940 Et
1074 2889 1269 2951 reliqua.
