2050 3392
382 384 687 436 solemnibuS,
700 390 747 429 et
763 380 972 432 caeteris,
985 378 1088 438 qui-

382 446 474 491 bus
507 444 710 503 opertet,
746 442 980 488 memores
1012 453 1089 484 su-

385 519 491 551 mus
499 504 638 550 vestri
647 504 696 549 in
709 500 959 553 sacrificiis,
966 512 1089 557 quae

386 563 713 616 offerimus,·et
734 563 782 607 in
803 558 1091 607 observati&-

388 626 543 677 nibus,
562 624 682 670 sicut
702 622 774 668 fas
789 629 874 675 est,
888 629 937 666 et
952 620 1092 665 decet

387 683 659 732 meminisse
679 683 891 729 fratrum.

448 755 520 812 ψ,
574 744 720 803 Aperi
769 741 936 789 eculos
984 746 1093 785 tuos

389 803 609 856 Demine,
650 812 698 849 et
732 802 839 847 vide
879 797 1095 846 afflietie-

388 878 500 910 nem
539 872 750 909 nostram
773 876 784 907 ε
836 858 1095 906 circumde-

391 924 562 970 derunt
591 936 682 969 nos
705 922 884 967 Gentes
914 920 979 965 ad
1008 932 1096 977 pu-

390 983 619 1032 niendum
658 995 748 1027 nos
784 995 796 1027 :
839 988 866 1014 ⁹*
907 980 1003 1026 Sed
1027 986 1097 1023 tu

392 1043 600 1089 Demine
620 1042 822 1089 extende
849 1038 1098 1089 brachium

391 1111 542 1156 tuum,
567 1109 615 1149 et
636 1102 785 1148 libera
808 1101 994 1148 Animas
1014 1112 1099 1143 no-

392 1170 528 1210 stras.
554 1167 617 1225 727,
632 1162 808 1221 Afflige
830 1158 1100 1220 opprimen-

391 1231 467 1270 tes
514 1234 617 1275 nOS,
663 1230 712 1268 et
761 1220 1098 1267 contumeliam

392 1281 621 1330 facientes
648 1282 697 1327 in
728 1282 1017 1340 superbiam:
1053 1287 1101 1324 et

393 1342 580 1389 custedi
594 1350 779 1401 partem
793 1339 1101 1387 tuam—Sed

394 1410 447 1449 tu
477 1402 698 1449 Domine.
761 1400 924 1453 Gleria
955 1398 1095 1445 Patri.

395 1463 491 1509 Sed
511 1471 565 1508 tu
585 1462 807 1508 Demine.

451 1600 459 1609 ’
487 1631 690 1679 FEmA
712 1628 1008 1687 QUARTA.

448 1712 525 1757 De
543 1710 664 1756 libro
686 1709 838 1768 primo
861 1707 1060 1753 Macha-

600 1768 843 1816 baeerum.

470 1854 648 1919 Leetio
667 1854 700 1900 i.
744 1854 855 1912 Cap.
881 1851 959 1898 xii.
970 1853 1021 1912 fi

477 2004 562 2025 .0·*-
615 2009 617 2026 ;

631 1938 676 1985 T
707 1950 818 1987 cum
850 1936 1106 1995 cogitesset

412 2048 413 2052 ,
534 2051 539 2059 '
577 2046 584 2054 .
616 2057 617 2064 ἵ
668 1997 903 2056 Tryphon
938 1995 1108 2054 regne-

412 2061 413 2066 ’
482 2055 584 2094 “s-²
601 2070 617 2112 ἱ
658 2057 886 2110 teAsiae,
907 2064 956 2103 et
975 2054 1108 2102 assu-

663 2130 790 2163 mere
806 2117 1043 2169 diadema,
1062 2124 1109 2161 et

401 2177 655 2224 extendere
667 2190 862 2223 manum
878 2177 928 2223 in
941 2176 1110 2222 Antio-

403 2237 549 2285 chum
588 2251 753 2297 regem
784 2251 795 2284 :
837 2238 1011 2283 timens
1049 2249 1111 2280 ne

403 2298 526 2346 forte
557 2311 656 2344 non
687 2297 981 2357 permitteret
1000 2309 1111 2341 eum

401 2358 649 2423 Jenathas,
666 2359 752 2404 sed
775 2357 1008 2417 pugneret
1029 2356 1113 2401 ad-

405 2419 567 2467 versus
578 2417 968 2477 eum,quaerebat
982 2428 1113 2460 eom-

406 2478 700 2538 prehendere
735 2492 862 2530 eum.
902 2484 950 2522 et
988 2474 1113 2522 occi-

407 2540 534 2586 dere.
590 2540 652 2586 Et
672 2537 907 2596 exdrgens
925 2536 1044 2581 abiit
1065 2535 1113 2580 in

409 2599 633 2645 Bethsan.
699 2599 762 2643 Et
796 2596 936 2642 exivit
965 2594 1115 2658 Jena-

407 2658 516 2711 thas
542 2659 731 2705 ebviam
763 2657 826 2703 illi
857 2669 968 2701 eum
997 2668 1115 2713 qua-

407 2717 631 2774 draginta
661 2717 867 2763 millibus
908 2714 1114 2762 virerum

409 2775 670 2842 eled-terum
701 2778 750 2823 in
785 2775 1031 2836 praelium.
1067 2782 1115 2820 et

408 2840 538 2877 vemt
580 2835 799 2882 Bethsan.
885 2835 949 2880 Et
998 2834 1115 2880 vidit

408 2887 803 2953 Tryphontquia
851 2895 980 2940 venit
1029 2893 1117 2958 Je-

389 263 498 320 234
673 245 842 318 lnsra
865 244 1043 299 Hebd.
1065 242 1296 326 tertiafn
1326 238 1586 295 Oblobrzk.

1150 376 1322 423 nathas
1349 387 1458 420 cum
1496 370 1708 417 exercitu
1741 370 1870 415 rnul-

1152 445 1203 483 to
1243 444 1298 481 ut
1337 432 1609 479 extenderet
1648 430 1699 475 in
1752 443 1870 475 eum

1152 509 1332 548 manus.
1348 500 1396 540 et
1409 493 1583 540 timuit.
1597 491 1661 536 Et
1676 489 1869 547 excepit

1152 570 1263 603 eum
1294 568 1404 603 cum
1429 551 1627 604 honere,
1654 558 1704 596 et
1734 562 1872 595 oom-

1155 615 1398 662 mendevit
1461 626 1573 658 eum
1639 610 1871 657 emnibus

1155 675 1321 723 amicis
1341 674 1451 725 suis,
1471 680 1520 717 et
1541 671 1676 717 dedit
1696 670 1742 716 ei
1761 667 1869 714 mxi-

1158 749 1271 781 nera
1301 749 1311 779 :
1343 742 1392 779 et
1421 731 1662 791 praecepit
1694 727 1871 775 exerci-

1159 796 1285 841 tibus
1315 794 1414 840 suis
1446 799 1499 839 ut
1531 790 1782 842 obedirent
1802 788 1865 842 ei,

1159 857 1279 901 sicut
1300 854 1403 900 sibi.

1220 925 1294 982 137,
1314 911 1512 959 Refulsit
1525 911 1597 957 sol
1608 911 1659 956 in
1674 910 1871 969 clypeos

1160 975 1342 1027 aureos
1388 980 1435 1019 et
1475 969 1872 1031 resplenduerunt

1162 1043 1350 1081 montes
1379 1033 1443 1079 ab
1474 1033 1544 1077 eis
1568 1046 1580 1077 :
1607 1038 1635 1064 ’θ
1654 1031 1717 1076 Et
1737 1029 1872 1074 forti-

1162 1094 1281 1141 tudo
1294 1094 1520 1141 Gentium
1533 1090 1764 1149 dissipeta
1776 1095 1867 1136 est.

1161 1158 1228 1223 ss,
1248 1155 1365 1200 Erat
1382 1153 1508 1199 enim
1524 1150 1755 1198 exercitus
1768 1162 1873 1195 ma-

1163 1230 1287 1275 gnus
1327 1214 1478 1265 valde,
1520 1220 1568 1258 et
1608 1211 1743 1257 fortis
1768 1222 1780 1256 ε
1822 1216 1873 1256 et

1164 1274 1463 1335 appropievit
1476 1272 1647 1336 JudaS,
1673 1278 1722 1317 et
1742 1268 1872 1317 exer-

1165 1338 1286 1382 citus
1321 1334 1423 1392 ejus
1458 1333 1508 1379 in
1547 1329 1873 1392 praelim—Et

1165 1393 1410 1442 fortitudo.

1403 1491 1571 1541 Lee‘tio
1593 1490 1639 1539 ii.

1314 1572 1360 1617 T
1382 1570 1498 1617 dixit
1511 1568 1754 1633 Jenathae
1771 1581 1784 1615 :
1801 1567 1873 1613 Ut

1173 1576 1316 1701 Η
1344 1631 1462 1689 quid
1483 1630 1663 1677 vexasti
1692 1625 1874 1674 univer-

1168 1705 1275 1739 sum
1294 1690 1542 1752 pepulum,
1568 1704 1678 1736 cum
1698 1687 1874 1735 bellum

1167 1753 1307 1798 nobis
1354 1765 1450 1797 non
1499 1751 1601 1797 sit?
1646 1750 1710 1795 Et
1750 1761 1877 1794 nune

1168 1812 1354 1858 remitte
1373 1825 1458 1857 eos
1478 1811 1526 1856 in
1548 1811 1722 1856 domos
1738 1820 1875 1855 suas:

1169 1874 1290 1931 elige
1325 1879 1486 1918 autem
1508 1871 1594 1916 tibi
1613 1870 1742 1915 viros
1761 1881 1877 1928 pau·

1170 1947 1266 1986 cos,
1288 1932 1369 1991 qui
1391 1939 1547 1977 tecum
1569 1930 1676 1982 sint,
1702 1937 1751 1977 et
1771 1926 1876 1974 veni

1172 2005 1357 2038 mecum
1413 1990 1774 2041 ptolemaidam.
1830 1995 1877 2033 et

1173 2054 1357 2099 tradam
1379 2064 1487 2096 eam
1509 2050 1606 2102 tibi,
1630 2057 1678 2095 et
1698 2049 1877 2107 reliqua

1171 2112 1420 2172 praesidia,
1447 2118 1495 2156 et
1526 2108 1797 2161 exercitum,
1833 2114 1877 2153 et

1172 2171 1413 2218 universos
1423 2168 1721 2229 praepesitos
1734 2165 1880 2226 nege-

1173 2233 1237 2286 tii,
1284 2240 1331 2277 et
1380 2229 1635 2276 conversus
1683 2229 1830 2275 abibo
1861 2238 1875 2274 z

1173 2292 1424 2352 propterea
1462 2291 1590 2336 enim
1630 2289 1753 2336 veni.
1819 2287 1879 2334 Et

1174 2352 1371 2398 credidit
1412 2350 1470 2404 ei,
1516 2358 1563 2396 et
1602 2350 1715 2395 fecit
1761 2348 1881 2394 sicut

1175 2413 1291 2458 dixit
1310 2419 1386 2457 :et
1406 2409 1584 2456 dimisit
1604 2409 1876 2461 exercitum.

1175 2480 1222 2518 et
1242 2470 1460 2518 abierunt
1477 2471 1525 2515 in
1541 2478 1714 2515 terram
1730 2468 1879 2533 Juda.

1179 2531 1391 2577 Retinuit
1410 2537 1572 2575 autem
1608 2542 1774 2575 secum
1796 2527 1887 2574 tria.

1176 2591 1323 2637 millia
1353 2588 1559 2636 virerum
1586 2603 1679 2635 :ex
1710 2589 1888 2648 quibus

1176 2650 1353 2697 remisit
1392 2651 1440 2696 in
1477 2649 1745 2696 Gaulaoem
1785 2648 1890 2694 duo

1177 2712 1337 2765 millia,
1344 2709 1471 2756 mille
1483 2718 1646 2756 autem
1653 2708 1890 2756 venerunt

1177 2784 1286 2819 cum
1305 2785 1383 2819 eo.

1243 2832 1317 2890 R7.
1365 2829 1665 2878 ornaverunt
1716 2827 1890 2876 feciem

1178 2890 1341 2951 templi
1388 2889 1579 2939 oorenis
1618 2888 1793 2943 eureis.
1840 2897 1890 2937 et
