<?xml version="1.0" encoding="UTF-8"?>
<!DOCTYPE html PUBLIC "-//W3C//DTD XHTML 1.0 Transitional//EN"
    "http://www.w3.org/TR/xhtml1/DTD/xhtml1-transitional.dtd">
<html xmlns="http://www.w3.org/1999/xhtml" xml:lang="en" lang="en">
 <head>
  <title>
</title>
<meta http-equiv="Content-Type" content="text/html;charset=utf-8" />
  <meta name='ocr-system' content='tesseract 3.04.00' />
  <meta name='ocr-capabilities' content='ocr_page ocr_carea ocr_par ocr_line ocrx_word'/>
</head>
<body>
  <div class='ocr_page' id='page_1' title='image "./breviariumroman03churgoog_0660.png"; bbox 0 0 2050 3392; ppageno 0'>
   <div class='ocr_carea' id='block_1_1' title="bbox 158 192 1779 366">
    <p class='ocr_par' dir='ltr' id='par_1_1' title="bbox 158 192 1779 366">
     <span class='ocr_line' id='line_1_1' title="bbox 158 192 1779 366; baseline 0.008 -13"><span class='ocrx_word' id='word_1_1' title='bbox 158 192 1256 353; x_wconf 95' lang='lat' dir='ltr'><strong>  </strong></span> <span class='ocrx_word' id='word_1_2' title='bbox 1711 209 1779 366; x_wconf 95' lang='lat' dir='ltr'><strong> </strong></span> 
     </span>
    </p>
   </div>
   <div class='ocr_carea' id='block_1_2' title="bbox 218 384 940 1458">
    <p class='ocr_par' dir='ltr' id='par_1_2' title="bbox 218 384 939 1458">
     <span class='ocr_line' id='line_1_2' title="bbox 221 384 938 446; baseline 0.006 -16"><span class='ocrx_word' id='word_1_3' title='bbox 221 384 538 439; x_wconf 72' lang='lat' dir='ltr'><strong>celebramus:</strong></span> <span class='ocrx_word' id='word_1_4' title='bbox 556 395 602 431; x_wconf 85' lang='lat' dir='ltr'><strong>et</strong></span> <span class='ocrx_word' id='word_1_5' title='bbox 620 386 818 433; x_wconf 80' lang='lat' dir='ltr'><strong>numero</strong></span> <span class='ocrx_word' id='word_1_6' title='bbox 833 390 938 446; x_wconf 85' lang='lat' dir='ltr'><strong>ipso</strong></span> 
     </span>
     <span class='ocr_line' id='line_1_3' title="bbox 225 444 940 505; baseline 0.007 -16"><span class='ocrx_word' id='word_1_7' title='bbox 225 444 558 491; x_wconf 72' lang='lat' dir='ltr'><strong>Pentecastes:</strong></span> <span class='ocrx_word' id='word_1_8' title='bbox 585 460 697 491; x_wconf 88' lang='lat' dir='ltr'><strong>nam</strong></span> <span class='ocrx_word' id='word_1_9' title='bbox 723 449 940 505; x_wconf 84' lang='lat' dir='ltr'><strong>septena</strong></span> 
     </span>
     <span class='ocr_line' id='line_1_4' title="bbox 221 506 938 565; baseline 0.006 -16"><span class='ocrx_word' id='word_1_10' title='bbox 221 506 297 550; x_wconf 89' lang='lat' dir='ltr'><strong>rio</strong></span> <span class='ocrx_word' id='word_1_11' title='bbox 312 519 513 550; x_wconf 88' lang='lat' dir='ltr'><strong>numero</strong></span> <span class='ocrx_word' id='word_1_12' title='bbox 528 506 701 564; x_wconf 84' lang='lat' dir='ltr'><strong>septies</strong></span> <span class='ocrx_word' id='word_1_13' title='bbox 718 508 938 565; x_wconf 90' lang='lat' dir='ltr'><strong>multipli-</strong></span> 
     </span>
     <span class='ocr_line' id='line_1_5' title="bbox 220 564 938 625; baseline 0.003 -15"><span class='ocrx_word' id='word_1_14' title='bbox 220 564 350 617; x_wconf 81' lang='lat' dir='ltr'><strong>cato,</strong></span> <span class='ocrx_word' id='word_1_15' title='bbox 372 579 472 623; x_wconf 92' lang='lat' dir='ltr'><strong>quo</strong></span> <span class='ocrx_word' id='word_1_16' title='bbox 487 565 605 612; x_wconf 87' lang='lat' dir='ltr'><strong>fiunt</strong></span> <span class='ocrx_word' id='word_1_17' title='bbox 621 568 938 625; x_wconf 89' lang='lat' dir='ltr'><strong>quadraginta</strong></span> 
     </span>
     <span class='ocr_line' id='line_1_6' title="bbox 221 626 939 683; baseline 0.001 -12"><span class='ocrx_word' id='word_1_18' title='bbox 221 639 412 676; x_wconf 88' lang='lat' dir='ltr'><strong>novem,</strong></span> <span class='ocrx_word' id='word_1_19' title='bbox 434 627 568 683; x_wconf 89' lang='lat' dir='ltr'><strong>quasi</strong></span> <span class='ocrx_word' id='word_1_20' title='bbox 586 626 784 673; x_wconf 74' lang='lat' dir='ltr'><strong>oetavus</strong></span> <span class='ocrx_word' id='word_1_21' title='bbox 803 628 939 673; x_wconf 88' lang='lat' dir='ltr'><strong>addi-</strong></span> 
     </span>
     <span class='ocr_line' id='line_1_7' title="bbox 222 686 939 744; baseline 0.001 -14"><span class='ocrx_word' id='word_1_22' title='bbox 222 694 314 737; x_wconf 89' lang='lat' dir='ltr'><strong>tur,</strong></span> <span class='ocrx_word' id='word_1_23' title='bbox 342 694 396 731; x_wconf 91' lang='lat' dir='ltr'><strong>ut</strong></span> <span class='ocrx_word' id='word_1_24' title='bbox 432 686 778 744; x_wconf 70' lang='lat' dir='ltr'>quinquaginta</span> <span class='ocrx_word' id='word_1_25' title='bbox 810 701 939 733; x_wconf 91' lang='lat' dir='ltr'><strong>com-</strong></span> 
     </span>
     <span class='ocr_line' id='line_1_8' title="bbox 223 745 938 804; baseline 0.004 -15"><span class='ocrx_word' id='word_1_26' title='bbox 223 745 459 803; x_wconf 84' lang='lat' dir='ltr'><strong>pleantur.</strong></span> <span class='ocrx_word' id='word_1_27' title='bbox 517 746 578 791; x_wconf 90' lang='lat' dir='ltr'><strong>Et</strong></span> <span class='ocrx_word' id='word_1_28' title='bbox 600 754 846 804; x_wconf 85' lang='lat' dir='ltr'><strong>tamquam</strong></span> <span class='ocrx_word' id='word_1_29' title='bbox 868 761 938 792; x_wconf 91' lang='lat' dir='ltr'><strong>re-</strong></span> 
     </span>
     <span class='ocr_line' id='line_1_9' title="bbox 223 805 938 864; baseline 0.003 -15"><span class='ocrx_word' id='word_1_30' title='bbox 223 805 396 850; x_wconf 84' lang='lat' dir='ltr'><strong>deatur</strong></span> <span class='ocrx_word' id='word_1_31' title='bbox 430 806 494 850; x_wconf 91' lang='lat' dir='ltr'><strong>ad</strong></span> <span class='ocrx_word' id='word_1_32' title='bbox 530 814 686 863; x_wconf 88' lang='lat' dir='ltr'><strong>caput,</strong></span> <span class='ocrx_word' id='word_1_33' title='bbox 728 821 825 864; x_wconf 92' lang='lat' dir='ltr'><strong>quo</strong></span> <span class='ocrx_word' id='word_1_34' title='bbox 862 808 938 852; x_wconf 90' lang='lat' dir='ltr'><strong>die</strong></span> 
     </span>
     <span class='ocr_line' id='line_1_10' title="bbox 225 865 931 923; baseline 0.003 -14"><span class='ocrx_word' id='word_1_35' title='bbox 225 865 401 910; x_wconf 90' lang='lat' dir='ltr'><strong>missus</strong></span> <span class='ocrx_word' id='word_1_36' title='bbox 416 873 489 909; x_wconf 92' lang='lat' dir='ltr'><strong>est</strong></span> <span class='ocrx_word' id='word_1_37' title='bbox 505 866 709 923; x_wconf 74' lang='lat' dir='ltr'>Spiritus</span> <span class='ocrx_word' id='word_1_38' title='bbox 724 867 931 918; x_wconf 68' lang='lat' dir='ltr'><strong>sanctus,</strong></span> 
     </span>
     <span class='ocr_line' id='line_1_11' title="bbox 223 925 937 982; baseline 0.003 -13"><span class='ocrx_word' id='word_1_39' title='bbox 223 938 285 970; x_wconf 90' lang='lat' dir='ltr'><strong>eo</strong></span> <span class='ocrx_word' id='word_1_40' title='bbox 300 925 349 969; x_wconf 88' lang='lat' dir='ltr'><strong>in</strong></span> <span class='ocrx_word' id='word_1_41' title='bbox 372 938 570 982; x_wconf 88' lang='lat' dir='ltr'><strong>regnum</strong></span> <span class='ocrx_word' id='word_1_42' title='bbox 593 925 833 971; x_wconf 77' lang='lat' dir='ltr'><strong>coelorum</strong></span> <span class='ocrx_word' id='word_1_43' title='bbox 851 925 937 971; x_wconf 79' lang='lat' dir='ltr'><strong>du-</strong></span> 
     </span>
     <span class='ocr_line' id='line_1_12' title="bbox 223 984 936 1034; baseline 0.004 -6"><span class='ocrx_word' id='word_1_44' title='bbox 223 985 389 1034; x_wconf 87' lang='lat' dir='ltr'><strong>cimur,</strong></span> <span class='ocrx_word' id='word_1_45' title='bbox 417 991 465 1029; x_wconf 91' lang='lat' dir='ltr'><strong>et</strong></span> <span class='ocrx_word' id='word_1_46' title='bbox 493 984 831 1031; x_wconf 83' lang='lat' dir='ltr'><strong>haereditatem</strong></span> <span class='ocrx_word' id='word_1_47' title='bbox 859 999 936 1031; x_wconf 89' lang='lat' dir='ltr'><strong>ac-</strong></span> 
     </span>
     <span class='ocr_line' id='line_1_13' title="bbox 223 1043 934 1101; baseline 0.006 -14"><span class='ocrx_word' id='word_1_48' title='bbox 223 1043 443 1101; x_wconf 89' lang='lat' dir='ltr'><strong>cipimus,</strong></span> <span class='ocrx_word' id='word_1_49' title='bbox 471 1052 516 1088; x_wconf 90' lang='lat' dir='ltr'><strong>et</strong></span> <span class='ocrx_word' id='word_1_50' title='bbox 547 1044 862 1097; x_wconf 84' lang='lat' dir='ltr'><strong>consolamur,</strong></span> <span class='ocrx_word' id='word_1_51' title='bbox 888 1054 934 1091; x_wconf 91' lang='lat' dir='ltr'><strong>et</strong></span> 
     </span>
     <span class='ocr_line' id='line_1_14' title="bbox 221 1102 935 1160; baseline 0 -10"><span class='ocrx_word' id='word_1_52' title='bbox 221 1102 479 1160; x_wconf 78' lang='lat' dir='ltr'><strong>pascimur,</strong></span> <span class='ocrx_word' id='word_1_53' title='bbox 497 1112 544 1148; x_wconf 90' lang='lat' dir='ltr'><strong>et</strong></span> <span class='ocrx_word' id='word_1_54' title='bbox 566 1104 935 1151; x_wconf 81' lang='lat' dir='ltr'><strong>misericordiam</strong></span> 
     </span>
     <span class='ocr_line' id='line_1_15' title="bbox 221 1162 935 1219; baseline 0.004 -12"><span class='ocrx_word' id='word_1_55' title='bbox 221 1162 572 1219; x_wconf 83' lang='lat' dir='ltr'><strong>consequimur,</strong></span> <span class='ocrx_word' id='word_1_56' title='bbox 627 1173 674 1209; x_wconf 92' lang='lat' dir='ltr'><strong>et</strong></span> <span class='ocrx_word' id='word_1_57' title='bbox 735 1165 935 1210; x_wconf 86' lang='lat' dir='ltr'><strong>munda-</strong></span> 
     </span>
     <span class='ocr_line' id='line_1_16' title="bbox 221 1222 935 1282; baseline 0.004 -15"><span class='ocrx_word' id='word_1_58' title='bbox 221 1236 343 1273; x_wconf 89' lang='lat' dir='ltr'><strong>mur,</strong></span> <span class='ocrx_word' id='word_1_59' title='bbox 351 1229 397 1267; x_wconf 88' lang='lat' dir='ltr'><strong>et</strong></span> <span class='ocrx_word' id='word_1_60' title='bbox 413 1222 731 1279; x_wconf 87' lang='lat' dir='ltr'><strong>pacificamur.</strong></span> <span class='ocrx_word' id='word_1_61' title='bbox 775 1225 935 1282; x_wconf 86' lang='lat' dir='ltr'><strong>Atque</strong></span> 
     </span>
     <span class='ocr_line' id='line_1_17' title="bbox 220 1281 934 1339; baseline 0.006 -13"><span class='ocrx_word' id='word_1_62' title='bbox 220 1282 288 1327; x_wconf 89' lang='lat' dir='ltr'><strong>ita</strong></span> <span class='ocrx_word' id='word_1_63' title='bbox 305 1281 501 1339; x_wconf 71' lang='lat' dir='ltr'><strong>perseeti</strong></span> <span class='ocrx_word' id='word_1_64' title='bbox 524 1296 691 1328; x_wconf 90' lang='lat' dir='ltr'><strong>omnes</strong></span> <span class='ocrx_word' id='word_1_65' title='bbox 711 1284 934 1330; x_wconf 87' lang='lat' dir='ltr'><strong>extrinse-</strong></span> 
     </span>
     <span class='ocr_line' id='line_1_18' title="bbox 218 1341 934 1402; baseline 0.006 -17"><span class='ocrx_word' id='word_1_66' title='bbox 218 1355 306 1386; x_wconf 88' lang='lat' dir='ltr'><strong>cus</strong></span> <span class='ocrx_word' id='word_1_67' title='bbox 324 1341 479 1387; x_wconf 87' lang='lat' dir='ltr'><strong>illatas</strong></span> <span class='ocrx_word' id='word_1_68' title='bbox 496 1343 736 1389; x_wconf 83' lang='lat' dir='ltr'><strong>molestias</strong></span> <span class='ocrx_word' id='word_1_69' title='bbox 753 1358 839 1402; x_wconf 90' lang='lat' dir='ltr'><strong>pro</strong></span> <span class='ocrx_word' id='word_1_70' title='bbox 860 1359 934 1389; x_wconf 90' lang='lat' dir='ltr'><strong>ve-</strong></span> 
     </span>
     <span class='ocr_line' id='line_1_19' title="bbox 219 1400 926 1458; baseline 0.006 -13"><span class='ocrx_word' id='word_1_71' title='bbox 219 1400 361 1446; x_wconf 81' lang='lat' dir='ltr'><strong>ritate</strong></span> <span class='ocrx_word' id='word_1_72' title='bbox 374 1411 418 1446; x_wconf 88' lang='lat' dir='ltr'><strong>et</strong></span> <span class='ocrx_word' id='word_1_73' title='bbox 431 1402 615 1458; x_wconf 88' lang='lat' dir='ltr'><strong>justitia</strong></span> <span class='ocrx_word' id='word_1_74' title='bbox 628 1405 926 1449; x_wconf 86' lang='lat' dir='ltr'><strong>sustinemus.</strong></span> 
     </span>
    </p>
   </div>
   <div class='ocr_carea' id='block_1_3' title="bbox 281 1461 936 1588">
    <p class='ocr_par' dir='ltr' id='par_1_3' title="bbox 281 1461 936 1577">
     <span class='ocr_line' id='line_1_20' title="bbox 281 1461 924 1523; baseline 0.003 -16.039"><span class='ocrx_word' id='word_1_75' title='bbox 281 1461 354 1507; x_wconf 87' lang='lat' dir='ltr'><strong>Te</strong></span> <span class='ocrx_word' id='word_1_76' title='bbox 380 1461 537 1509; x_wconf 88' lang='lat' dir='ltr'><strong>Deum</strong></span> <span class='ocrx_word' id='word_1_77' title='bbox 562 1462 826 1511; x_wconf 77' lang='lat' dir='ltr'>laudamus,</span> <span class='ocrx_word' id='word_1_78' title='bbox 861 1479 924 1523; x_wconf 90' lang='lat'><strong>17.</strong></span> 
     </span>
     <span class='ocr_line' id='line_1_21' title="bbox 284 1517 936 1588; baseline 0.003 -25"><span class='ocrx_word' id='word_1_79' title='bbox 284 1517 365 1563; x_wconf 80' lang='lat' dir='ltr'><strong>Ad</strong></span> <span class='ocrx_word' id='word_1_80' title='bbox 398 1517 631 1574; x_wconf 82' lang='lat' dir='ltr'><strong>Vesperas</strong></span> <span class='ocrx_word' id='word_1_81' title='bbox 662 1519 867 1588; x_wconf 75' lang='lat' dir='ltr'><strong>duplex;</strong></span> <span class='ocrx_word' id='word_1_82' title='bbox 891 1531 936 1566; x_wconf 88' lang='lat' dir='ltr'><strong>et</strong></span> 
     </span>
    </p>
   </div>
   <div class='ocr_carea' id='block_1_4' title="bbox 217 1577 937 2345">
    <p class='ocr_par' dir='ltr' id='par_1_4' title="bbox 217 1577 937 2180">
     <span class='ocr_line' id='line_1_22' title="bbox 219 1577 937 1637; baseline 0.007 -17"><span class='ocrx_word' id='word_1_83' title='bbox 219 1579 383 1621; x_wconf 87' lang='lat' dir='ltr'><strong>omnia</strong></span> <span class='ocrx_word' id='word_1_84' title='bbox 406 1577 627 1622; x_wconf 85' lang='lat' dir='ltr'><strong>dicuntur</strong></span> <span class='ocrx_word' id='word_1_85' title='bbox 642 1580 761 1624; x_wconf 85' lang='lat' dir='ltr'><strong>sicut</strong></span> <span class='ocrx_word' id='word_1_86' title='bbox 778 1579 826 1624; x_wconf 86' lang='lat' dir='ltr'><strong>in</strong></span> <span class='ocrx_word' id='word_1_87' title='bbox 842 1580 937 1637; x_wconf 90' lang='lat' dir='ltr'><strong>pri-</strong></span> 
     </span>
     <span class='ocr_line' id='line_1_23' title="bbox 219 1637 937 1693; baseline 0.007 -14"><span class='ocrx_word' id='word_1_88' title='bbox 219 1637 308 1680; x_wconf 85' lang='lat' dir='ltr'><strong>mis</strong></span> <span class='ocrx_word' id='word_1_89' title='bbox 319 1637 542 1693; x_wconf 84' lang='lat' dir='ltr'><strong>Vesperis</strong></span> <span class='ocrx_word' id='word_1_90' title='bbox 558 1637 661 1682; x_wconf 81' lang='lat' dir='ltr'><strong>festi</strong></span> <span class='ocrx_word' id='word_1_91' title='bbox 672 1653 780 1683; x_wconf 87' lang='lat' dir='ltr'><strong>cum</strong></span> <span class='ocrx_word' id='word_1_92' title='bbox 791 1640 937 1684; x_wconf 88' lang='lat' dir='ltr'><strong>Com-</strong></span> 
     </span>
     <span class='ocr_line' id='line_1_24' title="bbox 219 1698 937 1758; baseline 0.007 -18"><span class='ocrx_word' id='word_1_93' title='bbox 219 1698 565 1743; x_wconf 80' lang='lat' dir='ltr'><strong>memoratione</strong></span> <span class='ocrx_word' id='word_1_94' title='bbox 620 1700 703 1744; x_wconf 67' lang='lat' dir='ltr'><strong>SS.</strong></span> <span class='ocrx_word' id='word_1_95' title='bbox 754 1700 937 1758; x_wconf 84' lang='lat' dir='ltr'><strong>Marty-</strong></span> 
     </span>
     <span class='ocr_line' id='line_1_25' title="bbox 218 1760 929 1818; baseline 0.01 -17"><span class='ocrx_word' id='word_1_96' title='bbox 218 1772 324 1802; x_wconf 87' lang='lat' dir='ltr'><strong>rum</strong></span> <span class='ocrx_word' id='word_1_97' title='bbox 348 1767 555 1818; x_wconf 87' lang='lat' dir='ltr'><strong>quatuor</strong></span> <span class='ocrx_word' id='word_1_98' title='bbox 564 1760 929 1810; x_wconf 86' lang='lat' dir='ltr'><strong>Coronatorum.</strong></span> 
     </span>
     <span class='ocr_line' id='line_1_26' title="bbox 218 1817 932 1871; baseline 0.009 -6.094"><span class='ocrx_word' id='word_1_99' title='bbox 218 1817 344 1866; x_wconf 50' lang='grc' dir='ltr'><strong>ΑΜ</strong></span> <span class='ocrx_word' id='word_1_100' title='bbox 373 1818 579 1867; x_wconf 81' lang='lat' dir='ltr'><strong>Istorum</strong></span> <span class='ocrx_word' id='word_1_101' title='bbox 608 1828 680 1867; x_wconf 91' lang='lat' dir='ltr'><strong>est</strong></span> <span class='ocrx_word' id='word_1_102' title='bbox 709 1822 831 1868; x_wconf 88' lang='lat' dir='ltr'><strong>enim</strong></span> <span class='ocrx_word' id='word_1_103' title='bbox 863 1839 932 1871; x_wconf 86' lang='lat' dir='ltr'><strong>re-</strong></span> 
     </span>
     <span class='ocr_line' id='line_1_27' title="bbox 217 1881 934 1940; baseline 0.006 -16"><span class='ocrx_word' id='word_1_104' title='bbox 217 1892 371 1938; x_wconf 87' lang='lat' dir='ltr'><strong>gnum</strong></span> <span class='ocrx_word' id='word_1_105' title='bbox 404 1881 661 1932; x_wconf 77' lang='lat' dir='ltr'><strong>coelerum,</strong></span> <span class='ocrx_word' id='word_1_106' title='bbox 702 1883 783 1940; x_wconf 92' lang='lat' dir='ltr'><strong>qui</strong></span> <span class='ocrx_word' id='word_1_107' title='bbox 824 1895 934 1928; x_wconf 90' lang='lat' dir='ltr'><strong>eon-</strong></span> 
     </span>
     <span class='ocr_line' id='line_1_28' title="bbox 220 1941 929 1997; baseline 0.003 -13"><span class='ocrx_word' id='word_1_108' title='bbox 220 1941 516 1997; x_wconf 86' lang='lat' dir='ltr'><strong>tempserunt</strong></span> <span class='ocrx_word' id='word_1_109' title='bbox 558 1943 704 1987; x_wconf 90' lang='lat' dir='ltr'><strong>vitam</strong></span> <span class='ocrx_word' id='word_1_110' title='bbox 748 1943 929 1993; x_wconf 87' lang='lat' dir='ltr'><strong>mundi,</strong></span> 
     </span>
     <span class='ocr_line' id='line_1_29' title="bbox 220 2000 935 2059; baseline 0.001 -14"><span class='ocrx_word' id='word_1_111' title='bbox 220 2008 265 2046; x_wconf 87' lang='lat' dir='ltr'><strong>et</strong></span> <span class='ocrx_word' id='word_1_112' title='bbox 288 2000 602 2058; x_wconf 89' lang='lat' dir='ltr'><strong>pervenerunt</strong></span> <span class='ocrx_word' id='word_1_113' title='bbox 632 2003 696 2046; x_wconf 90' lang='lat' dir='ltr'><strong>ad</strong></span> <span class='ocrx_word' id='word_1_114' title='bbox 725 2003 935 2059; x_wconf 90' lang='lat' dir='ltr'><strong>praemia</strong></span> 
     </span>
     <span class='ocr_line' id='line_1_30' title="bbox 221 2060 934 2128; baseline 0.001 -24"><span class='ocrx_word' id='word_1_115' title='bbox 221 2060 370 2128; x_wconf 66' lang='lat' dir='ltr'><strong>regni,</strong></span> <span class='ocrx_word' id='word_1_116' title='bbox 415 2068 460 2105; x_wconf 91' lang='lat' dir='ltr'><strong>et</strong></span> <span class='ocrx_word' id='word_1_117' title='bbox 513 2061 727 2107; x_wconf 85' lang='lat' dir='ltr'><strong>laverunt</strong></span> <span class='ocrx_word' id='word_1_118' title='bbox 788 2061 934 2108; x_wconf 87' lang='lat' dir='ltr'><strong>stolas</strong></span> 
     </span>
     <span class='ocr_line' id='line_1_31' title="bbox 222 2120 819 2180; baseline 0.003 -16"><span class='ocrx_word' id='word_1_119' title='bbox 222 2132 333 2166; x_wconf 88' lang='lat' dir='ltr'><strong>suas</strong></span> <span class='ocrx_word' id='word_1_120' title='bbox 355 2120 403 2164; x_wconf 88' lang='lat' dir='ltr'><strong>in</strong></span> <span class='ocrx_word' id='word_1_121' title='bbox 427 2120 660 2178; x_wconf 83' lang='lat' dir='ltr'><strong>sanguine</strong></span> <span class='ocrx_word' id='word_1_122' title='bbox 679 2122 819 2180; x_wconf 86' lang='lat' dir='ltr'><strong>Agni.</strong></span> 
     </span>
    </p>

    <p class='ocr_par' dir='ltr' id='par_1_5' title="bbox 219 2174 932 2345">
     <span class='ocr_line' id='line_1_32' title="bbox 285 2174 932 2236; baseline 0.003 -13"><span class='ocrx_word' id='word_1_123' title='bbox 285 2174 349 2236; x_wconf 53' lang='grc' dir='ltr'><strong>Υ.</strong></span> <span class='ocrx_word' id='word_1_124' title='bbox 374 2180 668 2226; x_wconf 85' lang='lat' dir='ltr'><strong>Exultabunt</strong></span> <span class='ocrx_word' id='word_1_125' title='bbox 689 2181 851 2226; x_wconf 70' lang='lat' dir='ltr'><strong>Saneti</strong></span> <span class='ocrx_word' id='word_1_126' title='bbox 886 2182 932 2225; x_wconf 89' lang='lat' dir='ltr'><strong>in</strong></span> 
     </span>
     <span class='ocr_line' id='line_1_33' title="bbox 219 2236 930 2296; baseline 0.003 -13"><span class='ocrx_word' id='word_1_127' title='bbox 219 2238 386 2296; x_wconf 74' lang='lat' dir='ltr'><strong>glaria.</strong></span> <span class='ocrx_word' id='word_1_128' title='bbox 438 2236 511 2281; x_wconf 84' lang='lat' dir='ltr'><strong>R⁷.</strong></span> <span class='ocrx_word' id='word_1_129' title='bbox 538 2240 866 2286; x_wconf 78' lang='lat' dir='ltr'><strong>Laetabt&#39;mtur</strong></span> <span class='ocrx_word' id='word_1_130' title='bbox 886 2241 930 2285; x_wconf 88' lang='lat' dir='ltr'><strong>in</strong></span> 
     </span>
     <span class='ocr_line' id='line_1_34' title="bbox 220 2299 593 2345; baseline 0.003 -1"><span class='ocrx_word' id='word_1_131' title='bbox 220 2299 460 2344; x_wconf 85' lang='lat' dir='ltr'><strong>cubilibus</strong></span> <span class='ocrx_word' id='word_1_132' title='bbox 482 2300 593 2345; x_wconf 89' lang='lat' dir='ltr'><strong>suis.</strong></span> 
     </span>
    </p>
   </div>
   <div class='ocr_carea' id='block_1_5' title="bbox 495 2380 676 2432">
    <p class='ocr_par' dir='ltr' id='par_1_6' title="bbox 495 2380 676 2432">
     <span class='ocr_line' id='line_1_35' title="bbox 495 2380 676 2432; baseline -0.017 -1"><span class='ocrx_word' id='word_1_133' title='bbox 495 2380 676 2432; x_wconf 79' lang='lat' dir='ltr'><strong>Oratio.</strong></span> 
     </span>
    </p>
   </div>
   <div class='ocr_carea' id='block_1_6' title="bbox 216 2461 934 2868">
    <p class='ocr_par' dir='ltr' id='par_1_7' title="bbox 426 2461 932 2519">
     <span class='ocr_line' id='line_1_36' title="bbox 426 2461 932 2519; baseline -0.002 -11"><span class='ocrx_word' id='word_1_134' title='bbox 426 2474 427 2477; x_wconf 73' lang='grc'>’</span> <span class='ocrx_word' id='word_1_135' title='bbox 455 2461 625 2508; x_wconf 83' lang='lat' dir='ltr'>ESTA</span> <span class='ocrx_word' id='word_1_136' title='bbox 643 2475 932 2519; x_wconf 84' lang='lat' dir='ltr'><strong>quaesumus</strong></span> 
     </span>
    </p>

    <p class='ocr_par' dir='ltr' id='par_1_8' title="bbox 216 2521 934 2868">
     <span class='ocr_line' id='line_1_37' title="bbox 401 2521 931 2579; baseline 0 -12"><span class='ocrx_word' id='word_1_137' title='bbox 401 2521 707 2579; x_wconf 87' lang='lat' dir='ltr'><strong>omnipotens</strong></span> <span class='ocrx_word' id='word_1_138' title='bbox 763 2522 931 2567; x_wconf 90' lang='lat' dir='ltr'><strong>Deus:</strong></span> 
     </span>
     <span class='ocr_line' id='line_1_38' title="bbox 219 2581 933 2640; baseline 0.001 -14"><span class='ocrx_word' id='word_1_139' title='bbox 219 2588 272 2626; x_wconf 91' lang='lat' dir='ltr'><strong>ut</strong></span> <span class='ocrx_word' id='word_1_140' title='bbox 308 2581 391 2639; x_wconf 91' lang='lat' dir='ltr'><strong>qui</strong></span> <span class='ocrx_word' id='word_1_141' title='bbox 427 2581 662 2640; x_wconf 78' lang='lat' dir='ltr'><strong>gloriosos</strong></span> <span class='ocrx_word' id='word_1_142' title='bbox 699 2581 933 2640; x_wconf 86' lang='lat' dir='ltr'><strong>Martyres</strong></span> 
     </span>
     <span class='ocr_line' id='line_1_39' title="bbox 218 2639 932 2688; baseline 0 -2"><span class='ocrx_word' id='word_1_143' title='bbox 218 2639 367 2687; x_wconf 84' lang='lat' dir='ltr'><strong>fortes</strong></span> <span class='ocrx_word' id='word_1_144' title='bbox 408 2641 457 2686; x_wconf 89' lang='lat' dir='ltr'><strong>in</strong></span> <span class='ocrx_word' id='word_1_145' title='bbox 505 2654 594 2686; x_wconf 88' lang='lat' dir='ltr'><strong>sua</strong></span> <span class='ocrx_word' id='word_1_146' title='bbox 638 2641 932 2688; x_wconf 75' lang='lat' dir='ltr'><strong>confessiene</strong></span> 
     </span>
     <span class='ocr_line' id='line_1_40' title="bbox 218 2700 934 2770; baseline 0.001 -24"><span class='ocrx_word' id='word_1_147' title='bbox 218 2700 550 2770; x_wconf 68' lang='lat' dir='ltr'><strong>cognevimus,</strong></span> <span class='ocrx_word' id='word_1_148' title='bbox 577 2701 684 2759; x_wconf 88' lang='lat' dir='ltr'><strong>pios</strong></span> <span class='ocrx_word' id='word_1_149' title='bbox 718 2701 851 2760; x_wconf 89' lang='lat' dir='ltr'><strong>apud</strong></span> <span class='ocrx_word' id='word_1_150' title='bbox 886 2709 934 2747; x_wconf 95' lang='lat' dir='ltr'><strong>te</strong></span> 
     </span>
     <span class='ocr_line' id='line_1_41' title="bbox 216 2760 933 2809; baseline -0.003 0"><span class='ocrx_word' id='word_1_151' title='bbox 216 2761 264 2809; x_wconf 81' lang='lat' dir='ltr'><strong>in</strong></span> <span class='ocrx_word' id='word_1_152' title='bbox 286 2770 457 2808; x_wconf 85' lang='lat' dir='ltr'><strong>nostra</strong></span> <span class='ocrx_word' id='word_1_153' title='bbox 476 2760 809 2808; x_wconf 79' lang='lat' dir='ltr'><strong>intercessione</strong></span> <span class='ocrx_word' id='word_1_154' title='bbox 828 2775 933 2807; x_wconf 87' lang='lat' dir='ltr'><strong>sen-</strong></span> 
     </span>
     <span class='ocr_line' id='line_1_42' title="bbox 216 2819 847 2868; baseline -0.002 -1"><span class='ocrx_word' id='word_1_155' title='bbox 216 2821 410 2868; x_wconf 73' lang='lat' dir='ltr'><strong>tiamus.</strong></span> <span class='ocrx_word' id='word_1_156' title='bbox 461 2820 550 2866; x_wconf 89' lang='lat' dir='ltr'><strong>Per</strong></span> <span class='ocrx_word' id='word_1_157' title='bbox 572 2819 847 2868; x_wconf 71' lang='lat' dir='ltr'><strong>Deminum.</strong></span> 
     </span>
    </p>
   </div>
   <div class='ocr_carea' id='block_1_7' title="bbox 147 1956 958 3031">
    <p class='ocr_par' dir='ltr' id='par_1_9' title="bbox 147 1956 958 3031">
     <span class='ocr_line' id='line_1_43' title="bbox 152 1956 169 2145; baseline 0 -57"><span class='ocrx_word' id='word_1_158' title='bbox 152 1956 169 2145; x_wconf 95' lang='lat' dir='ltr'><strong>   </strong></span> 
     </span>
     <span class='ocr_line' id='line_1_44' title="bbox 152 2145 168 2249; baseline 0 0"><span class='ocrx_word' id='word_1_159' title='bbox 152 2145 168 2249; x_wconf 95' lang='lat' dir='ltr'><strong>  </strong></span> 
     </span>
     <span class='ocr_line' id='line_1_45' title="bbox 149 2249 168 2492; baseline 0 0"><span class='ocrx_word' id='word_1_160' title='bbox 149 2249 168 2492; x_wconf 95' lang='lat' dir='ltr'><strong>    </strong></span> 
     </span>
     <span class='ocr_line' id='line_1_46' title="bbox 148 2492 165 2669; baseline 0 -61"><span class='ocrx_word' id='word_1_161' title='bbox 148 2492 165 2669; x_wconf 95' lang='lat' dir='ltr'><strong>  </strong></span> 
     </span>
     <span class='ocr_line' id='line_1_47' title="bbox 147 2669 164 2833; baseline 0 -43"><span class='ocrx_word' id='word_1_162' title='bbox 147 2669 164 2833; x_wconf 95' lang='lat' dir='ltr'><strong>   </strong></span> 
     </span>
     <span class='ocr_line' id='line_1_48' title="bbox 147 2833 958 3031; baseline 0 0"><span class='ocrx_word' id='word_1_163' title='bbox 147 2833 958 3031; x_wconf 95' lang='lat' dir='ltr'><strong>  </strong></span> 
     </span>
    </p>
   </div>
   <div class='ocr_carea' id='block_1_8' title="bbox 247 248 1711 327">
    <p class='ocr_par' dir='ltr' id='par_1_10' title="bbox 247 248 1711 327">
     <span class='ocr_line' id='line_1_49' title="bbox 247 248 1711 327; baseline 0.007 -25"><span class='ocrx_word' id='word_1_164' title='bbox 247 248 365 302; x_wconf 71' lang='lat' dir='ltr'><strong>Die</strong></span> <span class='ocrx_word' id='word_1_165' title='bbox 384 248 424 299; x_wconf 80' lang='lat'><em>8</em></span> <span class='ocrx_word' id='word_1_166' title='bbox 438 248 695 313; x_wconf 66' lang='lat' dir='ltr'><strong>Nozt.‚1‘11</strong></span> <span class='ocrx_word' id='word_1_167' title='bbox 720 251 932 305; x_wconf 67' lang='lat' dir='ltr'><strong>OHava</strong></span> <span class='ocrx_word' id='word_1_168' title='bbox 953 253 1205 307; x_wconf 80' lang='lat' dir='ltr'><strong>omnium</strong></span> <span class='ocrx_word' id='word_1_169' title='bbox 1228 257 1580 311; x_wconf 63' lang='lat' dir='ltr'><strong>Sancvorum.</strong></span> <span class='ocrx_word' id='word_1_170' title='bbox 1614 272 1711 327; x_wconf 82' lang='lat'><strong>523</strong></span> 
     </span>
    </p>
   </div>
   <div class='ocr_carea' id='block_1_9' title="bbox 968 390 977 529">
    <p class='ocr_par' dir='ltr' id='par_1_11' title="bbox 968 390 977 529">
     <span class='ocr_line' id='line_1_50' title="bbox 968 390 977 529; baseline 0 2863"><span class='ocrx_word' id='word_1_171' title='bbox 968 390 977 529; x_wconf 95' lang='lat' dir='ltr'><strong> </strong></span> 
     </span>
    </p>
   </div>
   <div class='ocr_carea' id='block_1_10' title="bbox 967 533 976 721">
    <p class='ocr_par' dir='ltr' id='par_1_12' title="bbox 967 533 976 721">
     <span class='ocr_line' id='line_1_51' title="bbox 967 533 976 721; baseline 0 2671"><span class='ocrx_word' id='word_1_172' title='bbox 967 533 976 721; x_wconf 95' lang='lat' dir='ltr'><strong> </strong></span> 
     </span>
    </p>
   </div>
   <div class='ocr_carea' id='block_1_11' title="bbox 1009 1092 1179 1984">
    <p class='ocr_par' dir='ltr' id='par_1_13' title="bbox 1009 1092 1179 1984">
     <span class='ocr_line' id='line_1_52' title="bbox 1010 1092 1066 1116; baseline 0.036 -9"><span class='ocrx_word' id='word_1_173' title='bbox 1010 1092 1066 1116; x_wconf 51' lang='lat' dir='ltr'><strong>,xj</strong></span> 
     </span>
     <span class='ocr_line' id='line_1_53' title="bbox 1009 1140 1150 1175; baseline -0.007 -24"><span class='ocrx_word' id='word_1_174' title='bbox 1009 1147 1023 1151; x_wconf 88' lang='lat'><strong>..</strong></span> <span class='ocrx_word' id='word_1_175' title='bbox 1077 1147 1082 1167; x_wconf 25' lang='grc' dir='ltr'><strong>,Ἰ</strong></span> <span class='ocrx_word' id='word_1_176' title='bbox 1115 1140 1122 1146; x_wconf 75' lang='grc'><strong>”</strong></span> <span class='ocrx_word' id='word_1_177' title='bbox 1141 1166 1150 1175; x_wconf 37' lang='lat' dir='ltr'><em>st</em></span> 
     </span>
     <span class='ocr_line' id='line_1_54' title="bbox 1080 1229 1085 1240; baseline 0 0"><span class='ocrx_word' id='word_1_178' title='bbox 1080 1229 1085 1240; x_wconf 98' lang='grc' dir='ltr'><em>Ι</em></span> 
     </span>
     <span class='ocr_line' id='line_1_55' title="bbox 1017 1245 1028 1259; baseline 0 0"><span class='ocrx_word' id='word_1_179' title='bbox 1017 1245 1028 1259; x_wconf 74' lang='grc' dir='ltr'><strong>Ι·</strong></span> 
     </span>
     <span class='ocr_line' id='line_1_56' title="bbox 1018 1270 1057 1287; baseline -0.026 0"><span class='ocrx_word' id='word_1_180' title='bbox 1018 1270 1057 1287; x_wconf 69' lang='grc' dir='ltr'><strong>ιΤ,</strong></span> 
     </span>
     <span class='ocr_line' id='line_1_57' title="bbox 1101 1796 1109 1808; baseline 0 0"><span class='ocrx_word' id='word_1_181' title='bbox 1101 1796 1109 1808; x_wconf 84' lang='grc'><strong><em>1</em></strong></span> 
     </span>
     <span class='ocr_line' id='line_1_58' title="bbox 1082 1856 1089 1864; baseline 0 0"><span class='ocrx_word' id='word_1_182' title='bbox 1082 1856 1089 1864; x_wconf 92' lang='grc'><em>.</em></span> 
     </span>
     <span class='ocr_line' id='line_1_59' title="bbox 1032 1915 1040 1927; baseline 0 0"><span class='ocrx_word' id='word_1_183' title='bbox 1032 1915 1040 1927; x_wconf 83' lang='grc'><strong><em>1</em></strong></span> 
     </span>
     <span class='ocr_line' id='line_1_60' title="bbox 1171 1976 1179 1984; baseline 0 0"><span class='ocrx_word' id='word_1_184' title='bbox 1171 1976 1179 1984; x_wconf 90' lang='grc'><em>.</em></span> 
     </span>
    </p>
   </div>
   <div class='ocr_carea' id='block_1_12' title="bbox 975 2928 996 2986">
    <p class='ocr_par' dir='ltr' id='par_1_14' title="bbox 975 2928 996 2986">
     <span class='ocr_line' id='line_1_61' title="bbox 975 2928 996 2986; baseline 0 406"><span class='ocrx_word' id='word_1_185' title='bbox 975 2928 996 2986; x_wconf 95' lang='lat' dir='ltr'><strong> </strong></span> 
     </span>
    </p>
   </div>
   <div class='ocr_carea' id='block_1_13' title="bbox 1027 407 1685 456">
    <p class='ocr_par' dir='ltr' id='par_1_15' title="bbox 1027 407 1685 456">
     <span class='ocr_line' id='line_1_62' title="bbox 1027 407 1685 456; baseline 0.003 -2"><span class='ocrx_word' id='word_1_186' title='bbox 1027 407 1144 455; x_wconf 86' lang='lat' dir='ltr'><strong>DIE</strong></span> <span class='ocrx_word' id='word_1_187' title='bbox 1173 408 1311 455; x_wconf 83' lang='lat' dir='ltr'><strong>VIII.</strong></span> <span class='ocrx_word' id='word_1_188' title='bbox 1341 407 1685 456; x_wconf 84' lang='lat' dir='ltr'><strong>NOVEMBR.</strong></span> 
     </span>
    </p>
   </div>
   <div class='ocr_carea' id='block_1_14' title="bbox 998 472 1708 724">
    <p class='ocr_par' dir='ltr' id='par_1_16' title="bbox 998 472 1708 724">
     <span class='ocr_line' id='line_1_63' title="bbox 1035 472 1673 520; baseline 0 -1"><span class='ocrx_word' id='word_1_189' title='bbox 1035 472 1090 519; x_wconf 91' lang='lat' dir='ltr'><strong>In</strong></span> <span class='ocrx_word' id='word_1_190' title='bbox 1115 473 1299 520; x_wconf 66' lang='lat' dir='ltr'><strong>Oe‘tava</strong></span> <span class='ocrx_word' id='word_1_191' title='bbox 1321 474 1534 518; x_wconf 82' lang='lat' dir='ltr'><strong>omnium</strong></span> <span class='ocrx_word' id='word_1_192' title='bbox 1557 475 1673 519; x_wconf 81' lang='lat' dir='ltr'><strong>San-</strong></span> 
     </span>
     <span class='ocr_line' id='line_1_64' title="bbox 1125 534 1585 592; baseline 0.004 -14"><span class='ocrx_word' id='word_1_193' title='bbox 1125 534 1325 580; x_wconf 69' lang='lat' dir='ltr'><strong>(storum.</strong></span> <span class='ocrx_word' id='word_1_194' title='bbox 1383 534 1585 592; x_wconf 81' lang='lat' dir='ltr'><strong>Duplex.</strong></span> 
     </span>
     <span class='ocr_line' id='line_1_65' title="bbox 1061 606 1708 664; baseline -0.002 -12"><span class='ocrx_word' id='word_1_195' title='bbox 1061 606 1313 652; x_wconf 43' lang='lat' dir='ltr'><strong>Lectiones</strong></span> <span class='ocrx_word' id='word_1_196' title='bbox 1339 607 1477 664; x_wconf 87' lang='lat' dir='ltr'><strong>primi</strong></span> <span class='ocrx_word' id='word_1_197' title='bbox 1501 607 1708 652; x_wconf 47' lang='lat' dir='ltr'><strong>Noctur-</strong></span> 
     </span>
     <span class='ocr_line' id='line_1_66' title="bbox 998 667 1702 724; baseline 0 -12"><span class='ocrx_word' id='word_1_198' title='bbox 998 667 1047 712; x_wconf 86' lang='lat' dir='ltr'><strong>ni</strong></span> <span class='ocrx_word' id='word_1_199' title='bbox 1071 668 1130 712; x_wconf 91' lang='lat' dir='ltr'><strong>de</strong></span> <span class='ocrx_word' id='word_1_200' title='bbox 1151 667 1394 724; x_wconf 81' lang='lat' dir='ltr'><strong>Scriptura</strong></span> <span class='ocrx_word' id='word_1_201' title='bbox 1415 675 1702 712; x_wconf 86' lang='lat' dir='ltr'><strong>occurrente.</strong></span> 
     </span>
    </p>
   </div>
   <div class='ocr_carea' id='block_1_15' title="bbox 1062 738 1641 789">
    <p class='ocr_par' dir='ltr' id='par_1_17' title="bbox 1062 738 1641 789">
     <span class='ocr_line' id='line_1_67' title="bbox 1062 738 1641 789; baseline 0.012 -6"><span class='ocrx_word' id='word_1_202' title='bbox 1062 739 1117 783; x_wconf 85' lang='lat' dir='ltr'><strong>In</strong></span> <span class='ocrx_word' id='word_1_203' title='bbox 1142 740 1354 786; x_wconf 87' lang='lat' dir='ltr'><strong>secundo</strong></span> <span class='ocrx_word' id='word_1_204' title='bbox 1377 738 1423 786; x_wconf 93' lang='lat' dir='ltr'>N</span> <span class='ocrx_word' id='word_1_205' title='bbox 1428 739 1641 789; x_wconf 71' lang='lat' dir='ltr'><strong>oeturno</strong></span> 
     </span>
    </p>
   </div>
   <div class='ocr_carea' id='block_1_16' title="bbox 1004 813 1709 980">
    <p class='ocr_par' dir='ltr' id='par_1_18' title="bbox 1004 813 1709 980">
     <span class='ocr_line' id='line_1_68' title="bbox 1004 813 1709 876; baseline 0.007 -18"><span class='ocrx_word' id='word_1_206' title='bbox 1004 813 1079 859; x_wconf 84' lang='lat' dir='ltr'><strong>Ex</strong></span> <span class='ocrx_word' id='word_1_207' title='bbox 1122 813 1241 859; x_wconf 89' lang='lat' dir='ltr'><strong>libro</strong></span> <span class='ocrx_word' id='word_1_208' title='bbox 1283 814 1432 861; x_wconf 76' lang='lat' dir='ltr'><strong>saneti</strong></span> <span class='ocrx_word' id='word_1_209' title='bbox 1484 815 1709 876; x_wconf 85' lang='lat' dir='ltr'><strong>Cypriani</strong></span> 
     </span>
     <span class='ocr_line' id='line_1_69' title="bbox 1063 874 1709 935; baseline 0.008 -17"><span class='ocrx_word' id='word_1_210' title='bbox 1063 874 1291 933; x_wconf 89' lang='lat' dir='ltr'><strong>Episcopi</strong></span> <span class='ocrx_word' id='word_1_211' title='bbox 1312 884 1358 921; x_wconf 90' lang='lat' dir='ltr'><strong>et</strong></span> <span class='ocrx_word' id='word_1_212' title='bbox 1383 875 1618 935; x_wconf 88' lang='lat' dir='ltr'><strong>Martyris,</strong></span> <span class='ocrx_word' id='word_1_213' title='bbox 1648 878 1709 923; x_wconf 88' lang='lat' dir='ltr'><strong>de</strong></span> 
     </span>
     <span class='ocr_line' id='line_1_70' title="bbox 1062 934 1359 980; baseline 0.011 -3"><span class='ocrx_word' id='word_1_214' title='bbox 1062 934 1359 980; x_wconf 86' lang='lat' dir='ltr'><strong>mortalitate</strong></span> 
     </span>
    </p>
   </div>
   <div class='ocr_carea' id='block_1_17' title="bbox 1072 1000 1632 1067">
    <p class='ocr_par' dir='ltr' id='par_1_19' title="bbox 1072 1000 1632 1067">
     <span class='ocr_line' id='line_1_71' title="bbox 1072 1000 1632 1067; baseline 0.011 -19"><span class='ocrx_word' id='word_1_215' title='bbox 1072 1000 1270 1049; x_wconf 66' lang='lat' dir='ltr'><strong>Lecffio</strong></span> <span class='ocrx_word' id='word_1_216' title='bbox 1260 1014 1316 1047; x_wconf 66' lang='lat' dir='ltr'><strong>lx&#39;.</strong></span> <span class='ocrx_word' id='word_1_217' title='bbox 1445 1009 1632 1067; x_wconf 78' lang='lat' dir='ltr'><strong>Insinc.</strong></span> 
     </span>
    </p>
   </div>
   <div class='ocr_carea' id='block_1_18' title="bbox 997 1078 1709 1438">
    <p class='ocr_par' dir='ltr' id='par_1_20' title="bbox 1079 1078 1709 1257">
     <span class='ocr_line' id='line_1_72' title="bbox 1206 1078 1709 1126; baseline 0.004 -1"><span class='ocrx_word' id='word_1_218' title='bbox 1206 1078 1709 1126; x_wconf 85' lang='lat' dir='ltr'><strong>ONSIDERAN·</strong></span> 
     </span>
     <span class='ocr_line' id='line_1_73' title="bbox 1129 1138 1709 1194; baseline 0.011 -13"><span class='ocrx_word' id='word_1_219' title='bbox 1129 1185 1143 1194; x_wconf 71' lang='lat'><strong>.</strong></span> <span class='ocrx_word' id='word_1_220' title='bbox 1207 1138 1210 1141; x_wconf 70' lang='lat'><em>&#39;</em></span> <span class='ocrx_word' id='word_1_221' title='bbox 1265 1138 1438 1183; x_wconf 93' lang='lat' dir='ltr'><strong>DUM</strong></span> <span class='ocrx_word' id='word_1_222' title='bbox 1485 1148 1571 1192; x_wconf 91' lang='lat' dir='ltr'><strong>est,</strong></span> <span class='ocrx_word' id='word_1_223' title='bbox 1617 1139 1709 1187; x_wconf 84' lang='lat' dir='ltr'><strong>fra-</strong></span> 
     </span>
     <span class='ocr_line' id='line_1_74' title="bbox 1196 1196 1704 1253; baseline 0.008 -11.038"><span class='ocrx_word' id='word_1_224' title='bbox 1196 1196 1208 1201; x_wconf 74' lang='grc'><strong>”’</strong></span> <span class='ocrx_word' id='word_1_225' title='bbox 1264 1206 1357 1244; x_wconf 87' lang='lat' dir='ltr'><strong>tres</strong></span> <span class='ocrx_word' id='word_1_226' title='bbox 1394 1200 1704 1253; x_wconf 73' lang='lat' dir='ltr'><strong>dileetissimi‚</strong></span> 
     </span>
    </p>

    <p class='ocr_par' dir='ltr' id='par_1_21' title="bbox 997 1258 1708 1438">
     <span class='ocr_line' id='line_1_75' title="bbox 1154 1258 1708 1307; baseline 0.01 -5.125"><span class='ocrx_word' id='word_1_227' title='bbox 1154 1292 1218 1297; x_wconf 22' lang='lat' dir='ltr'><strong>.-A</strong></span> <span class='ocrx_word' id='word_1_228' title='bbox 1263 1266 1309 1304; x_wconf 90' lang='lat' dir='ltr'><strong>et</strong></span> <span class='ocrx_word' id='word_1_229' title='bbox 1340 1258 1598 1306; x_wconf 75' lang='lat' dir='ltr'><strong>identidem</strong></span> <span class='ocrx_word' id='word_1_230' title='bbox 1629 1275 1708 1307; x_wconf 87' lang='lat' dir='ltr'><strong>co·-</strong></span> 
     </span>
     <span class='ocr_line' id='line_1_76' title="bbox 997 1295 1708 1374; baseline 0.007 -13"><span class='ocrx_word' id='word_1_231' title='bbox 997 1295 1263 1374; x_wconf 84' lang='lat' dir='ltr'><strong>gitandum‚</strong></span> <span class='ocrx_word' id='word_1_232' title='bbox 1289 1319 1583 1366; x_wconf 84' lang='lat' dir='ltr'><strong>renuntiasse</strong></span> <span class='ocrx_word' id='word_1_233' title='bbox 1619 1334 1708 1366; x_wconf 89' lang='lat' dir='ltr'><strong>nos</strong></span> 
     </span>
     <span class='ocr_line' id='line_1_77' title="bbox 998 1378 1709 1438; baseline 0.006 -17"><span class='ocrx_word' id='word_1_234' title='bbox 998 1378 1195 1429; x_wconf 83' lang='lat' dir='ltr'><strong>mundo,</strong></span> <span class='ocrx_word' id='word_1_235' title='bbox 1213 1386 1258 1423; x_wconf 89' lang='lat' dir='ltr'><strong>et</strong></span> <span class='ocrx_word' id='word_1_236' title='bbox 1282 1387 1526 1437; x_wconf 88' lang='lat' dir='ltr'><strong>tamquam</strong></span> <span class='ocrx_word' id='word_1_237' title='bbox 1549 1379 1709 1438; x_wconf 71' lang='grc' dir='ltr'><strong>1165ρί-</strong></span> 
     </span>
    </p>
   </div>
   <div class='ocr_carea' id='block_1_19' title="bbox 997 1072 1231 1308">
    <p class='ocr_par' dir='ltr' id='par_1_22' title="bbox 997 1072 1231 1308">
     <span class='ocr_line' id='line_1_78' title="bbox 997 1072 1231 1308; baseline 0 2084"><span class='ocrx_word' id='word_1_238' title='bbox 997 1072 1231 1308; x_wconf 95' lang='lat' dir='ltr'><strong> </strong></span> 
     </span>
    </p>
   </div>
   <div class='ocr_carea' id='block_1_20' title="bbox 995 1439 1712 2690">
    <p class='ocr_par' dir='ltr' id='par_1_23' title="bbox 995 1439 1710 2260">
     <span class='ocr_line' id='line_1_79' title="bbox 998 1439 1709 1497; baseline 0.006 -16"><span class='ocrx_word' id='word_1_239' title='bbox 998 1445 1067 1481; x_wconf 87' lang='lat' dir='ltr'><strong>tes</strong></span> <span class='ocrx_word' id='word_1_240' title='bbox 1100 1445 1147 1482; x_wconf 92' lang='lat' dir='ltr'><strong>et</strong></span> <span class='ocrx_word' id='word_1_241' title='bbox 1180 1439 1453 1497; x_wconf 88' lang='lat' dir='ltr'><strong>peregrinos</strong></span> <span class='ocrx_word' id='word_1_242' title='bbox 1483 1440 1559 1484; x_wconf 88' lang='lat' dir='ltr'><strong>hic</strong></span> <span class='ocrx_word' id='word_1_243' title='bbox 1591 1439 1709 1486; x_wconf 84' lang='lat' dir='ltr'><strong>inte-</strong></span> 
     </span>
     <span class='ocr_line' id='line_1_80' title="bbox 996 1496 1709 1556; baseline 0.006 -15"><span class='ocrx_word' id='word_1_244' title='bbox 996 1496 1085 1541; x_wconf 87' lang='lat' dir='ltr'><strong>rim</strong></span> <span class='ocrx_word' id='word_1_245' title='bbox 1108 1497 1293 1556; x_wconf 77' lang='lat' dir='ltr'><strong>degere.</strong></span> <span class='ocrx_word' id='word_1_246' title='bbox 1348 1498 1709 1556; x_wconf 68' lang='lat' dir='ltr'><strong>Ampleetamur</strong></span> 
     </span>
     <span class='ocr_line' id='line_1_81' title="bbox 997 1557 1709 1626; baseline 0.006 -26"><span class='ocrx_word' id='word_1_247' title='bbox 997 1557 1137 1607; x_wconf 88' lang='lat' dir='ltr'><strong>diem,</strong></span> <span class='ocrx_word' id='word_1_248' title='bbox 1159 1558 1240 1614; x_wconf 92' lang='lat' dir='ltr'><strong>qui</strong></span> <span class='ocrx_word' id='word_1_249' title='bbox 1261 1557 1474 1626; x_wconf 77' lang='lat' dir='ltr'><strong>assignat</strong></span> <span class='ocrx_word' id='word_1_250' title='bbox 1495 1558 1709 1617; x_wconf 85' lang='lat' dir='ltr'><strong>singulos</strong></span> 
     </span>
     <span class='ocr_line' id='line_1_82' title="bbox 997 1616 1709 1674; baseline 0.003 -13"><span class='ocrx_word' id='word_1_251' title='bbox 997 1616 1242 1661; x_wconf 90' lang='lat' dir='ltr'><strong>domicilio</strong></span> <span class='ocrx_word' id='word_1_252' title='bbox 1259 1629 1347 1661; x_wconf 89' lang='lat' dir='ltr'><strong>suo</strong></span> <span class='ocrx_word' id='word_1_253' title='bbox 1352 1618 1448 1674; x_wconf 84' lang='lat' dir='ltr'><strong>,qui</strong></span> <span class='ocrx_word' id='word_1_254' title='bbox 1465 1631 1554 1662; x_wconf 89' lang='lat' dir='ltr'><strong>nos</strong></span> <span class='ocrx_word' id='word_1_255' title='bbox 1571 1618 1709 1663; x_wconf 90' lang='lat' dir='ltr'><strong>istinc</strong></span> 
     </span>
     <span class='ocr_line' id='line_1_83' title="bbox 996 1675 1709 1734; baseline 0.004 -14"><span class='ocrx_word' id='word_1_256' title='bbox 996 1676 1200 1733; x_wconf 78' lang='lat' dir='ltr'><strong>erept05,</strong></span> <span class='ocrx_word' id='word_1_257' title='bbox 1225 1683 1272 1721; x_wconf 90' lang='lat' dir='ltr'><strong>et</strong></span> <span class='ocrx_word' id='word_1_258' title='bbox 1297 1675 1476 1734; x_wconf 75' lang='lat' dir='ltr'><strong>laqueis</strong></span> <span class='ocrx_word' id='word_1_259' title='bbox 1501 1676 1709 1724; x_wconf 84' lang='lat' dir='ltr'><strong>saecula-</strong></span> 
     </span>
     <span class='ocr_line' id='line_1_84' title="bbox 997 1735 1710 1794; baseline 0.004 -14"><span class='ocrx_word' id='word_1_260' title='bbox 997 1737 1128 1781; x_wconf 89' lang='lat' dir='ltr'><strong>ribus</strong></span> <span class='ocrx_word' id='word_1_261' title='bbox 1183 1735 1433 1790; x_wconf 81' lang='lat' dir='ltr'><strong>exsolutOS,</strong></span> <span class='ocrx_word' id='word_1_262' title='bbox 1484 1737 1710 1794; x_wconf 84' lang='lat' dir='ltr'><strong>paradiso</strong></span> 
     </span>
     <span class='ocr_line' id='line_1_85' title="bbox 997 1795 1702 1854; baseline 0 -12"><span class='ocrx_word' id='word_1_263' title='bbox 997 1796 1214 1848; x_wconf 75' lang='lat' dir='ltr'><strong>restituit,</strong></span> <span class='ocrx_word' id='word_1_264' title='bbox 1241 1804 1286 1841; x_wconf 89' lang='lat' dir='ltr'><strong>et</strong></span> <span class='ocrx_word' id='word_1_265' title='bbox 1318 1810 1465 1854; x_wconf 89' lang='lat' dir='ltr'><strong>regno</strong></span> <span class='ocrx_word' id='word_1_266' title='bbox 1497 1795 1702 1842; x_wconf 81' lang='lat' dir='ltr'><strong>coelesti.</strong></span> 
     </span>
     <span class='ocr_line' id='line_1_86' title="bbox 998 1855 1708 1914; baseline 0.001 -14"><span class='ocrx_word' id='word_1_267' title='bbox 998 1855 1118 1910; x_wconf 79' lang='lat' dir='ltr'><strong>Quis</strong></span> <span class='ocrx_word' id='word_1_268' title='bbox 1159 1869 1255 1902; x_wconf 88' lang='lat' dir='ltr'><strong>non</strong></span> <span class='ocrx_word' id='word_1_269' title='bbox 1299 1856 1492 1914; x_wconf 77' lang='lat' dir='ltr'><strong>peregre</strong></span> <span class='ocrx_word' id='word_1_270' title='bbox 1535 1857 1708 1902; x_wconf 89' lang='lat' dir='ltr'><strong>consti-</strong></span> 
     </span>
     <span class='ocr_line' id='line_1_87' title="bbox 997 1916 1707 1974; baseline 0.004 -15"><span class='ocrx_word' id='word_1_271' title='bbox 997 1923 1129 1960; x_wconf 91' lang='lat' dir='ltr'><strong>tutus</strong></span> <span class='ocrx_word' id='word_1_272' title='bbox 1151 1916 1423 1974; x_wconf 79' lang='lat' dir='ltr'><strong>properaret</strong></span> <span class='ocrx_word' id='word_1_273' title='bbox 1441 1917 1488 1962; x_wconf 89' lang='lat' dir='ltr'><strong>in</strong></span> <span class='ocrx_word' id='word_1_274' title='bbox 1504 1916 1707 1974; x_wconf 83' lang='lat' dir='ltr'><strong>patriam</strong></span> 
     </span>
     <span class='ocr_line' id='line_1_88' title="bbox 995 1975 1707 2033; baseline 0.004 -13"><span class='ocrx_word' id='word_1_275' title='bbox 995 1975 1212 2033; x_wconf 80' lang='lat' dir='ltr'><strong>regredi?</strong></span> <span class='ocrx_word' id='word_1_276' title='bbox 1232 1975 1350 2031; x_wconf 88' lang='lat' dir='ltr'><strong>Quis</strong></span> <span class='ocrx_word' id='word_1_277' title='bbox 1375 1990 1473 2023; x_wconf 90' lang='lat' dir='ltr'><strong>non</strong></span> <span class='ocrx_word' id='word_1_278' title='bbox 1500 1977 1565 2021; x_wconf 91' lang='lat' dir='ltr'><strong>ad</strong></span> <span class='ocrx_word' id='word_1_279' title='bbox 1594 1990 1707 2023; x_wconf 87' lang='lat' dir='ltr'><strong>suos</strong></span> 
     </span>
     <span class='ocr_line' id='line_1_89' title="bbox 996 2035 1705 2093; baseline 0.006 -15"><span class='ocrx_word' id='word_1_280' title='bbox 996 2035 1220 2093; x_wconf 89' lang='lat' dir='ltr'><strong>navigare</strong></span> <span class='ocrx_word' id='word_1_281' title='bbox 1245 2035 1488 2088; x_wconf 85' lang='lat' dir='ltr'><strong>festinans,</strong></span> <span class='ocrx_word' id='word_1_282' title='bbox 1514 2044 1705 2082; x_wconf 89' lang='lat' dir='ltr'><strong>ventum</strong></span> 
     </span>
     <span class='ocr_line' id='line_1_90' title="bbox 997 2095 1708 2154; baseline 0.004 -15"><span class='ocrx_word' id='word_1_283' title='bbox 997 2095 1276 2152; x_wconf 73' lang='lat' dir='ltr'><strong>presperum</strong></span> <span class='ocrx_word' id='word_1_284' title='bbox 1313 2097 1533 2154; x_wconf 88' lang='lat' dir='ltr'><strong>cupidius</strong></span> <span class='ocrx_word' id='word_1_285' title='bbox 1568 2096 1708 2154; x_wconf 86' lang='lat' dir='ltr'><strong>opta-</strong></span> 
     </span>
     <span class='ocr_line' id='line_1_91' title="bbox 998 2154 1705 2205; baseline 0.004 -6"><span class='ocrx_word' id='word_1_286' title='bbox 998 2163 1081 2205; x_wconf 89' lang='lat' dir='ltr'><strong>ret,</strong></span> <span class='ocrx_word' id='word_1_287' title='bbox 1095 2163 1147 2200; x_wconf 89' lang='lat' dir='ltr'><strong>ut</strong></span> <span class='ocrx_word' id='word_1_288' title='bbox 1170 2154 1388 2202; x_wconf 79' lang='lat' dir='ltr'><strong>velociter</strong></span> <span class='ocrx_word' id='word_1_289' title='bbox 1399 2170 1535 2202; x_wconf 89' lang='lat' dir='ltr'><strong>caros</strong></span> <span class='ocrx_word' id='word_1_290' title='bbox 1547 2156 1705 2202; x_wconf 88' lang='lat' dir='ltr'><strong>liceret</strong></span> 
     </span>
     <span class='ocr_line' id='line_1_92' title="bbox 1029 2215 1251 2260; baseline 0.005 -2"><span class='ocrx_word' id='word_1_291' title='bbox 1029 2228 1074 2258; x_wconf 89' lang='lat' dir='ltr'><strong>m</strong></span> <span class='ocrx_word' id='word_1_292' title='bbox 1112 2215 1251 2260; x_wconf 76' lang='lat' dir='ltr'><strong>leeti?</strong></span> 
     </span>
    </p>

    <p class='ocr_par' dir='ltr' id='par_1_24' title="bbox 996 2274 1712 2690">
     <span class='ocr_line' id='line_1_93' title="bbox 1127 2274 1705 2322; baseline 0 -2"><span class='ocrx_word' id='word_1_293' title='bbox 1127 2304 1137 2313; x_wconf 90' lang='lat'><strong>·</strong></span> <span class='ocrx_word' id='word_1_294' title='bbox 1180 2275 1460 2322; x_wconf 76' lang='lat' dir='ltr'><strong>Praecursor</strong></span> <span class='ocrx_word' id='word_1_295' title='bbox 1509 2274 1705 2322; x_wconf 71' lang='lat' dir='ltr'><strong>Demini</strong></span> 
     </span>
     <span class='ocr_line' id='line_1_94' title="bbox 997 2322 1712 2393; baseline 0.004 -16"><span class='ocrx_word' id='word_1_296' title='bbox 997 2334 1137 2386; x_wconf 85' lang='lat' dir='ltr'><strong>venit,</strong></span> <span class='ocrx_word' id='word_1_297' title='bbox 1144 2335 1205 2380; x_wconf 88' lang='lat' dir='ltr'><strong>de</strong></span> <span class='ocrx_word' id='word_1_298' title='bbox 1220 2349 1317 2392; x_wconf 86' lang='lat' dir='ltr'><strong>quo</strong></span> <span class='ocrx_word' id='word_1_299' title='bbox 1334 2335 1435 2393; x_wconf 90' lang='lat' dir='ltr'><strong>ipse</strong></span> <span class='ocrx_word' id='word_1_300' title='bbox 1451 2334 1667 2380; x_wconf 87' lang='lat' dir='ltr'><strong>testatur:</strong></span> <span class='ocrx_word' id='word_1_301' title='bbox 1682 2322 1712 2348; x_wconf 42' lang='grc' dir='ltr'><strong>’κ</strong></span> 
     </span>
     <span class='ocr_line' id='line_1_95' title="bbox 998 2394 1705 2452; baseline 0.001 -15"><span class='ocrx_word' id='word_1_302' title='bbox 998 2394 1173 2439; x_wconf 87' lang='lat' dir='ltr'><strong>Nullus</strong></span> <span class='ocrx_word' id='word_1_303' title='bbox 1213 2396 1367 2452; x_wconf 88' lang='lat' dir='ltr'><strong>major</strong></span> <span class='ocrx_word' id='word_1_304' title='bbox 1408 2395 1526 2439; x_wconf 85' lang='lat' dir='ltr'><strong>inter</strong></span> <span class='ocrx_word' id='word_1_305' title='bbox 1566 2402 1705 2438; x_wconf 87' lang='lat' dir='ltr'><strong>natos</strong></span> 
     </span>
     <span class='ocr_line' id='line_1_96' title="bbox 997 2453 1699 2516; baseline 0 -18"><span class='ocrx_word' id='word_1_306' title='bbox 997 2453 1247 2498; x_wconf 84' lang='lat' dir='ltr'><strong>mulierum</strong></span> <span class='ocrx_word' id='word_1_307' title='bbox 1261 2454 1451 2516; x_wconf 90' lang='lat' dir='ltr'><strong>Joanne</strong></span> <span class='ocrx_word' id='word_1_308' title='bbox 1469 2453 1699 2510; x_wconf 88' lang='lat' dir='ltr'><strong>Baptista.</strong></span> 
     </span>
     <span class='ocr_line' id='line_1_97' title="bbox 998 2505 1705 2570; baseline 0.003 -14"><span class='ocrx_word' id='word_1_309' title='bbox 998 2505 1068 2567; x_wconf 63' lang='lat' dir='ltr'><strong>y?</strong></span> <span class='ocrx_word' id='word_1_310' title='bbox 1110 2513 1204 2557; x_wconf 89' lang='lat' dir='ltr'><strong>Hic</strong></span> <span class='ocrx_word' id='word_1_311' title='bbox 1246 2522 1317 2558; x_wconf 87' lang='lat' dir='ltr'><strong>est</strong></span> <span class='ocrx_word' id='word_1_312' title='bbox 1362 2512 1612 2570; x_wconf 83' lang='lat' dir='ltr'><strong>Propheta.</strong></span> <span class='ocrx_word' id='word_1_313' title='bbox 1658 2520 1705 2558; x_wconf 91' lang='lat' dir='ltr'><strong>et</strong></span> 
     </span>
     <span class='ocr_line' id='line_1_98' title="bbox 997 2571 1704 2630; baseline -0.001 -13"><span class='ocrx_word' id='word_1_314' title='bbox 997 2573 1104 2630; x_wconf 89' lang='lat' dir='ltr'><strong>plus</strong></span> <span class='ocrx_word' id='word_1_315' title='bbox 1151 2585 1296 2629; x_wconf 88' lang='lat' dir='ltr'><strong>quam</strong></span> <span class='ocrx_word' id='word_1_316' title='bbox 1345 2573 1471 2629; x_wconf 89' lang='lat' dir='ltr'><strong>Prop</strong></span> <span class='ocrx_word' id='word_1_317' title='bbox 1473 2571 1596 2623; x_wconf 86' lang='lat' dir='ltr'><strong>heta,</strong></span> <span class='ocrx_word' id='word_1_318' title='bbox 1643 2572 1704 2617; x_wconf 90' lang='lat' dir='ltr'><strong>de</strong></span> 
     </span>
     <span class='ocr_line' id='line_1_99' title="bbox 996 2631 1685 2690; baseline 0.001 -13"><span class='ocrx_word' id='word_1_319' title='bbox 996 2647 1094 2690; x_wconf 90' lang='lat' dir='ltr'><strong>quo</strong></span> <span class='ocrx_word' id='word_1_320' title='bbox 1115 2632 1332 2678; x_wconf 77' lang='lat' dir='ltr'><strong>Salvator</strong></span> <span class='ocrx_word' id='word_1_321' title='bbox 1350 2631 1685 2678; x_wconf 58' lang='lat' dir='ltr'><strong>ain—Nullus.</strong></span> 
     </span>
    </p>
   </div>
   <div class='ocr_carea' id='block_1_21' title="bbox 1242 2693 1472 2746">
    <p class='ocr_par' dir='ltr' id='par_1_25' title="bbox 1242 2693 1472 2746">
     <span class='ocr_line' id='line_1_100' title="bbox 1242 2693 1472 2746; baseline -0.009 -3"><span class='ocrx_word' id='word_1_322' title='bbox 1242 2693 1411 2746; x_wconf 73' lang='lat' dir='ltr'><strong>Leetio</strong></span> <span class='ocrx_word' id='word_1_323' title='bbox 1429 2707 1472 2742; x_wconf 89' lang='lat' dir='ltr'><strong>v.</strong></span> 
     </span>
    </p>
   </div>
   <div class='ocr_carea' id='block_1_22' title="bbox 1187 2777 1705 2826">
    <p class='ocr_par' dir='ltr' id='par_1_26' title="bbox 1187 2777 1705 2826">
     <span class='ocr_line' id='line_1_101' title="bbox 1187 2777 1705 2826; baseline 0.008 -4"><span class='ocrx_word' id='word_1_324' title='bbox 1187 2777 1231 2822; x_wconf 92' lang='lat' dir='ltr'><strong>T</strong></span> <span class='ocrx_word' id='word_1_325' title='bbox 1243 2777 1286 2822; x_wconf 91' lang='lat' dir='ltr'><strong>R</strong></span> <span class='ocrx_word' id='word_1_326' title='bbox 1297 2777 1319 2823; x_wconf 90' lang='grc' dir='ltr'>Ι</span> <span class='ocrx_word' id='word_1_327' title='bbox 1329 2777 1373 2823; x_wconf 90' lang='grc' dir='ltr'><strong>Α</strong></span> <span class='ocrx_word' id='word_1_328' title='bbox 1383 2777 1437 2823; x_wconf 91' lang='grc' dir='ltr'><strong>Μ</strong></span> <span class='ocrx_word' id='word_1_329' title='bbox 1492 2785 1705 2826; x_wconf 87' lang='lat' dir='ltr'><strong>nostram</strong></span> 
     </span>
    </p>
   </div>
   <div class='ocr_carea' id='block_1_23' title="bbox 996 2838 1708 2956">
    <p class='ocr_par' dir='ltr' id='par_1_27' title="bbox 996 2838 1708 2956">
     <span class='ocr_line' id='line_1_102' title="bbox 1153 2838 1708 2898; baseline 0.007 -16"><span class='ocrx_word' id='word_1_330' title='bbox 1153 2838 1431 2895; x_wconf 75' lang='lat' dir='ltr'><strong>paradiSum</strong></span> <span class='ocrx_word' id='word_1_331' title='bbox 1458 2838 1708 2898; x_wconf 81' lang='lat' dir='ltr'><strong>computa-</strong></span> 
     </span>
     <span class='ocr_line' id='line_1_103' title="bbox 996 2896 1708 2956; baseline 0.004 -15"><span class='ocrx_word' id='word_1_332' title='bbox 996 2907 1117 2949; x_wconf 83' lang='lat' dir='ltr'><strong>mus,</strong></span> <span class='ocrx_word' id='word_1_333' title='bbox 1155 2896 1375 2956; x_wconf 79' lang='lat' dir='ltr'><strong>parentes</strong></span> <span class='ocrx_word' id='word_1_334' title='bbox 1414 2897 1708 2945; x_wconf 85' lang='lat' dir='ltr'><strong>Patriarchas</strong></span> 
     </span>
    </p>
   </div>
   <div class='ocr_carea' id='block_1_24' title="bbox 975 2928 1765 3031">
    <p class='ocr_par' dir='ltr' id='par_1_28' title="bbox 975 2928 1765 3031">
     <span class='ocr_line' id='line_1_104' title="bbox 975 2928 1765 3031; baseline 0 -45"><span class='ocrx_word' id='word_1_335' title='bbox 975 2928 1765 3031; x_wconf 95' lang='lat' dir='ltr'><strong>  </strong></span> 
     </span>
    </p>
   </div>
  </div>
 </body>
</html>
