2050 3392
384 274 484 328 272

382 397 484 455 ipse
515 397 563 442 in
595 395 844 455 iniquitate
875 409 963 441 sua
988 409 1091 440 mo-

384 457 560 503 rietur:
604 470 747 515 porro
787 465 840 502 tu
880 455 1091 501 Animam

383 523 515 561 tuam
533 515 753 562 liberdsti.
801 515 877 560 Tu
894 528 1009 572 ergo
1027 515 1091 559 fili

384 576 589 623 hdminis
648 575 726 620 dic
777 576 841 620 ad
891 576 1090 619 domum

339 685 345 691 ,
387 635 531 680 lsrae'l
554 649 564 680 :
587 636 664 681 Sic
692 634 837 680 loei'iti
868 635 993 687 estis,
1022 635 1094 679 di-

383 695 561 740 centes:
596 693 874 751 Iniquitates
900 702 1093 739 nostrae

383 762 433 798 et
483 755 682 811 peccata
731 762 896 799 nostra
951 766 1095 810 super

383 827 472 857 nos
513 822 635 864 sunt,
682 821 729 858 et
766 815 813 858 in
855 813 969 871 ipsis
1003 826 1093 857 nos

383 871 668 917 tabescimus
691 872 963 930 :qudmodo
978 885 1094 929 ergo

382 931 535 976 vivere
575 932 862 989 poterimus?
898 932 988 977 Dic
1031 932 1093 976 ad

383 1004 500 1036 eos:
535 991 657 1036 Vivo
697 1005 800 1049 ego,
843 992 956 1036 dicit
995 991 1094 1036 Des-

383 1051 540 1095 minus
562 1050 695 1096 Deus
717 1066 726 1096 z
749 1051 862 1097 nolo
891 1059 1093 1096 mortem

384 1109 532 1167 impii,
583 1111 667 1155 sed
702 1118 756 1155 ut
793 1109 1097 1155 convertfitur

383 1168 560 1225 impius
588 1183 618 1213 a
645 1169 722 1214 via
752 1183 853 1221 sua,
879 1178 925 1215 et
948 1171 1088 1215 vivat.

384 1227 739 1281 ConvertImini,
766 1229 1093 1273 convertimini

382 1300 414 1332 a
443 1288 529 1332 viis
565 1288 728 1332 vestris
762 1287 1009 1345 pessimis:
1048 1295 1095 1332 et

384 1360 532 1404 quare
592 1346 859 1392 moriemini
921 1347 1096 1392 domus

388 1406 561 1451 Israel?

430 1460 505 1523 R7.
541 1465 674 1511 Misit
688 1464 1096 1523 deinusAnge-

384 1525 480 1569 lum
504 1539 656 1578 suum,
683 1532 729 1570 et
755 1524 984 1571 conclt‘isit
1010 1540 1095 1571 ora

384 1585 575 1630 lednum
593 1581 637 1630 t*
667 1586 728 1629 Et
746 1599 841 1630 non
862 1587 1095 1630 contami-

385 1644 645 1690 naverunt:
686 1646 798 1703 quia
833 1659 995 1690 coram
1038 1658 1095 1689 eo

384 1705 615 1764 injustitia
636 1707 825 1751 inventa
844 1720 941 1750 non
959 1706 1096 1752 estin

383 1778 475 1810 me.
518 1758 581 1819 Υ
617 1767 751 1811 Misit
770 1766 900 1810 Deus
917 1766 1097 1810 miseri-

383 1824 596 1870 cdrdiam
614 1839 765 1878 suam,
785 1835 832 1870 et
848 1826 1095 1870 veritatem

382 1897 544 1928 suam:
576 1884 786 1928 &nimam
818 1898 975 1929 meam
1008 1885 1098 1928 eri-

418 1943 486 1986 uit
527 1944 588 1987 de
630 1944 789 1988 medio
830 1944 1097 1989 oetuldrum

400 2001 718 2046 eduum—Et
743 2016 840 2047 non
866 2005 1098 2049 contami-

383 2059 626 2106 naverunt.
660 2056 839 2107 Glcsria
855 2062 995 2109 Patri.
1035 2064 1097 2108 Et

383 2132 480 2163 non
503 2120 957 2168 contaminaverunt.

503 2255 702 2300 FERIA
724 2257 977 2304 TERTIA

423 2326 498 2373 De
529 2327 774 2373 Ezechiele
807 2329 1062 2387 Propheta.

436 2398 600 2449 Lecstio
619 2397 650 2446 ἱ.
739 2404 850 2462 Cap.
877 2405 1031 2450 xxxiv.

404 2491 408 2562 ἱ
458 2474 662 2567 ἮᾎΤ
689 2473 867 2519 ΐειόὶῑιῐη
895 2483 966 2524 est
996 2489 1095 2520 ver-

421 2510 609 2683 &3
644 2535 758 2577 bum
798 2533 993 2579 deini
1032 2536 1093 2580 ad

606 2607 609 2670 ¹
646 2594 1095 2710 hmffffli‘ria'i‘fflsbbhlgss

383 2708 444 2752 de
504 2710 736 2756 astdribus
768 2712 942 2756 Israel:
985 2726 1094 2770 pro-

383 2766 447 2820 ph
480 2775 540 2818 ια,
566 2776 613 2813 et
633 2770 763 2815 dices
783 2771 1054 2827 pastdribus
1082 2785 1091 2815 :

388 2822 522 2868 Haec
542 2826 652 2871 dicit
672 2829 908 2875 deinus
931 2831 1091 2876 Deus:

381 2880 485 2925 Vae
512 2885 782 2939 pastdribus
815 2889 972 2943 Israel,
1009 2891 1092 2949 qui

579 262 749 334 Infra
772 260 949 315 Hebd.
978 259 1281 314 secundam
1307 256 1663 314 Novembm‘s.

1153 394 1413 453 pascebant
1429 393 1733 453 semetipsos:
1750 407 1875 441 non·

1154 468 1215 499 ne
1240 468 1407 512 greges
1431 467 1463 499 a
1485 455 1761 512 pastdribus
1787 469 1876 512 pa·

1154 513 1380 559 scdntur?
1402 514 1500 558 Lac
1524 515 1870 566 comedebatis,

1154 582 1201 619 et
1251 573 1371 618 lanis
1419 573 1778 630 operiebamini,
1827 580 1876 618 et

1154 634 1288 691 quod
1314 646 1522 678 crassum
1550 641 1652 678 erat
1685 634 1878 678 occide-

1154 692 1302 737 batis:
1324 705 1516 750 gregem
1532 699 1695 737 autem
1710 705 1875 737 meum

1156 765 1251 797 non
1278 752 1558 810 pascebatis.
1625 752 1776 807 Quod
1805 753 1874 797 in-

1155 810 1347 856 firmum
1371 811 1457 855 suit
1479 824 1576 855 non
1602 812 1879 857 consolidit-

1157 870 1252 922 stis,
1279 878 1326 915 et
1346 871 1477 927 quod
1497 870 1750 927 aegrdtum
1774 884 1876 915 non

1157 930 1371 981 sanastis,
1408 930 1539 986 quod
1569 930 1875 976 consrde’tum

1155 996 1226 1034 est
1257 1003 1354 1034 non
1385 988 1626 1046 alligastis,
1658 997 1708 1035 et
1740 991 1876 1047 quod

1156 1047 1392 1107 abjee'tum
1406 1057 1477 1094 est
1490 1062 1588 1093 non
1597 1049 1872 1103 redmdstis,

1156 1116 1204 1154 et
1225 1109 1355 1165 quod
1380 1107 1584 1166 perierat
1606 1122 1705 1153 non
1728 1122 1877 1166 quae·

1157 1168 1283 1213 sistis
1305 1181 1315 1212 :
1343 1168 1426 1212 sed
1454 1180 1563 1212 cum
1593 1168 1877 1214 austeritate

1157 1226 1461 1285 imperabatis
1480 1227 1561 1278 eis,
1584 1235 1631 1272 et
1652 1241 1767 1272 cum
1790 1242 1878 1287 po-

1158 1287 1319 1332 tentia.

1210 1339 1285 1401 R7.
1326 1346 1371 1390 A
1420 1346 1539 1391 secie
1583 1345 1755 1392 furdris
1808 1347 1877 1391 tui

1159 1406 1303 1458 Deus,
1318 1406 1604 1451 conturbata
1622 1414 1695 1451 est
1717 1407 1878 1451 omnis

1158 1472 1281 1510 terra
1307 1459 1362 1510 :⁴⁶
1393 1465 1487 1510 Sed
1517 1465 1738 1510 miserere
1773 1466 1876 1512 Des-

1158 1525 1296 1577 mine,
1322 1531 1370 1569 et
1394 1537 1456 1569 ne
1480 1524 1627 1569 fficias
1651 1537 1878 1570 consum·

1159 1584 1432 1629 matidnem.
1453 1575 1516 1635 W·
1546 1584 1759 1629 deine
1776 1585 1878 1630 Do-

1159 1644 1315 1688 minus
1340 1651 1512 1694 noster,
1541 1657 1687 1701 quam
1720 1644 1875 1689 admi·

1159 1704 1303 1749 rabile
1323 1712 1394 1749 est
1416 1717 1592 1748 nomen
1621 1711 1759 1749 tuum
1782 1706 1794 1751 1
1818 1730 1878 1739 —

1159 1764 1254 1809 Sed
1275 1762 1507 1818 miserere.

1391 1847 1556 1897 Lthio
1577 1850 1622 1896 ii.

1305 1941 1352 1985 T
1371 1940 1611 1998 dispersae
1631 1948 1742 1987 sunt
1761 1954 1878 1987 oves

1333 2013 1482 2052 meae,
1519 2014 1578 2045 eo
1610 2003 1741 2058 quod
1777 2016 1878 2046 non

1160 2066 1279 2105 esset
1297 2068 1483 2117 pastor:
1515 2068 1563 2106 et
1585 2060 1744 2105 saetae
1762 2070 1875 2107 sunt

1159 2120 1206 2164 in
1248 2119 1602 2165 devoratidnem
1654 2120 1874 2166 bmnium

1159 2179 1412 2224 bestidrum
1427 2179 1542 2235 agri,
1564 2187 1613 2224 et
1630 2179 1875 2237 dispersae

1159 2247 1282 2284 sunt.
1376 2239 1662 2283 Erraverunt
1704 2253 1875 2297 greges

1160 2298 1250 2343 mei
1274 2299 1320 2342 in
1342 2297 1526 2342 cunetis
1541 2297 1805 2351 indutibus,
1827 2307 1873 2344 et

1159 2359 1204 2401 in
1222 2357 1438 2403 universo
1454 2357 1572 2402 colle
1588 2357 1805 2404 excelso:
1829 2367 1874 2404 et

1158 2430 1301 2474 super
1319 2430 1509 2461 omnem
1529 2416 1697 2461 fficiem
1723 2426 1876 2464 terrae

1158 2476 1355 2534 dispersi
1398 2483 1507 2521 sunt
1547 2490 1717 2533 greges
1759 2478 1869 2531 mei,

1158 2543 1205 2580 et
1229 2549 1326 2580 non
1355 2543 1455 2580 erat
1484 2535 1566 2592 qui
1591 2537 1870 2593 requireret.

1158 2608 1253 2639 non
1275 2595 1699 2652 erat.inquam‚qui
1718 2597 1876 2654 requi·

1157 2661 1290 2699 reret.
1360 2653 1619 2712 Propterea
1746 2656 1874 2702 tdres

1157 2712 1320 2758 audite
1379 2713 1575 2758 verbum
1725 2716 1839 2761 mini
1860 2730 1873 2761 z

1157 2772 1279 2817 Vivo
1318 2786 1425 2830 ego.
1471 2773 1585 2818 dicit
1630 2773 1875 2820 deinus

1158 2831 1314 2877 Deus:
1352 2831 1467 2888 quia
1507 2845 1595 2890 pro
1635 2846 1697 2877 eo
1738 2835 1874 2890 quod

1156 2890 1268 2937 faeti
1308 2898 1418 2937 sunt
1459 2904 1629 2949 greges
1676 2893 1774 2938 mei
1825 2894 1874 2940 in
