2050 3392
323 412 521 471 sanguis
548 410 1025 471 sanguinemwotigit.
1072 407 1077 414 ’
1111 409 1115 413 ’

327 474 525 531 Propter
540 474 633 517 hoc
646 472 825 529 lugobit
840 478 977 521 terra,
985 477 1032 514 et

324 532 637 577 infirmabitur
656 531 823 581 omnis,
851 529 934 587 qui
950 528 1034 573 ha-

324 593 446 637 bitat
465 592 511 636 in
529 605 598 641 ea,
617 591 666 634 in
681 589 835 634 hostia
848 588 964 646 agri,
986 595 1033 632 et

325 652 376 696 in
396 651 585 696 volucre
606 648 725 694 coeli
746 662 757 693 t
788 648 872 692 sed
894 655 941 692 et
964 647 1035 704 pi-

327 724 430 756 sces
442 710 585 754 maris
601 705 1032 765 congregabt'mtur.

390 761 464 819 R?-
521 767 740 812 Redomit
801 766 1036 824 populum

328 833 481 879 suum,
508 834 555 871 et
577 825 791 871 liberavit
821 839 931 869 eum
954 839 964 870 ε
988 833 1036 870 et

327 886 529 937 vonient.
576 893 623 930 et
664 885 947 930 exultabunt
987 884 1036 928 in

328 953 493 992 monte
515 945 633 990 Sion
656 959 665 989 :
688 953 735 990 et
756 944 1038 1002 gaudobunt

328 1007 391 1051 de
410 1004 550 1050 bonis
573 1004 768 1050 Domini
785 1018 925 1062 super
943 1004 1038 1048 sru-

329 1065 507 1117 monto,
535 1064 659 1117 vino,
687 1072 734 1109 et
756 1064 893 1110 oleo:
927 1055 953 1082 ⁴*
974 1064 1037 1108 Et

329 1125 457 1169 ultra
518 1138 615 1168 non
682 1122 902 1169 esdrient.
969 1114 1033 1174 V·

331 1183 531 1239 Eritque
543 1183 705 1228 Anima
720 1183 885 1228 eorum
900 1182 1037 1239 quasi

330 1243 499 1289 hortus
518 1242 874 1300 itriguus.-—Et
892 1242 1033 1286 ultra.

567 1323 736 1374 Leotio
756 1324 803 1372 ii.

491 1420 535 1465 E
551 1420 594 1464 R
611 1419 656 1463 U
675 1420 729 1463 M
744 1419 789 1463 T
801 1418 847 1463 A
860 1418 915 1462 M
931 1417 1038 1463 EN

333 1537 459 1583 dicet
479 1478 1041 1606 2211531355515541133113:

331 1597 542 1655 populus
581 1598 708 1643 enim
768 1606 879 1643 tuus
920 1604 1043 1641 s1cut

333 1657 396 1710 hi,
424 1659 505 1716 qui
527 1657 861 1704 contradicunt
890 1670 1043 1703 sacer-

333 1718 450 1764 doti.
518 1720 580 1764 Et
602 1719 793 1764 corrues
809 1717 967 1769 hodie,
995 1724 1043 1761 et

333 1777 520 1825 corruet
548 1778 694 1823 otiam
717 1777 958 1834 Propheta
976 1784 1044 1821 te-
1086 1815 1088 1818 ,

334 1851 445 1881 cum
487 1852 499 1883 :
552 1837 695 1882 noote
747 1836 903 1881 tacore
954 1836 1044 1880 feci

333 1904 534 1941 matrem
587 1904 731 1949 tuam.
800 1896 1044 1940 Conuenit

333 1955 542 2012 populus
593 1969 743 2007 meuS,
801 1968 861 1999 eo
912 1955 1044 2010 quod

334 2027 433 2060 non
485 2013 703 2058 haboerit
755 2013 1042 2058 sciontiam:

334 2074 450 2130 quia
471 2082 523 2119 tu
543 2073 789 2119 sciontiam
812 2072 1038 2130 repulisti,

333 2133 560 2190 rep‘ollam
589 2140 648 2183 te,
684 2146 745 2177 ne
776 2132 1045 2178 sacerdotio

335 2192 546 2249 fungoris
567 2192 709 2237 mihi:
740 2200 786 2237 et
816 2191 965 2237 oblita
994 2206 1046 2237 es

335 2251 454 2310 legis
475 2252 565 2297 Dei
598 2252 679 2304 tui,
717 2252 972 2297 obliviscar
992 2251 1047 2297 fi-

334 2311 503 2357 liorum
525 2312 715 2357 tuorum
738 2320 785 2356 et
807 2326 913 2370 ego.

392 2364 468 2425 R?-
501 2371 767 2429 Angostiae
787 2370 904 2417 mihi
937 2379 1047 2417 sunt

332 2430 559 2489 studique,
608 2440 655 2476 et
704 2431 821 2488 quid
874 2431 1045 2489 oligam

333 2491 523 2549 ignoro:
551 2485 580 2509 Ῥ
615 2490 790 2536 ΜέΙίυε
823 2498 895 2536 est
930 2491 1045 2535 mihi

335 2551 543 2597 incidere
584 2551 631 2595 in
674 2564 845 2594 manus
893 2550 1047 2595 homi-

336 2626 466 2663 num,
521 2625 669 2668 quam
721 2609 1047 2711 ἁρτθΙίςᾳᾳιιεξι-εε
1119 2613 1141 2678 ⁶.
1161 2608 1219 2683 1⁹(
1255 2619 1268 2637 κ

818 2693 832 2706 ·
854 2682 1045 2713 .1en1m
1133 2682 1137 2689 ¹

334 2672 488 2726 legem
505 2670 594 2714 Dei
611 2670 719 2714 mei.

337 2729 428 2773 hoc
463 2729 619 2785 ogero,
647 2742 777 2774 mors
806 2727 920 2772 mihi
942 2732 1045 2772 est:

342 2787 380 2830 si
417 2795 576 2831 autem
614 2802 713 2833 non
749 2788 905 2844 ogero,
948 2801 1047 2832 non

323 292 429 347 290
539 274 709 346 Infra
734 274 911 329 Hebd.
939 275 1210 343 quartam
1235 267 1599 322 Novembris.

1310 415 1476 462 Leo‘tio
1507 417 1565 463 iii.

1277 499 1589 546 CUNDUM
1653 499 1819 546 multi-

1261 559 1477 605 t1'1dinem
1534 559 1705 606 eorum
1747 560 1820 605 sic

1098 619 1414 677 peccavorunt
1435 619 1551 664 mihi
1575 634 1586 663 z
1609 619 1819 677 gloriam

1099 679 1263 726 eorum
1280 680 1330 723 in
1351 677 1667 737 ignominiam
1685 693 1821 724 com-

1100 740 1312 785 mutabo.
1384 738 1587 783 Peccata
1645 738 1819 796 populi

1100 800 1194 843 mei
1217 799 1482 849 comedent,
1502 806 1549 843 et
1565 799 1631 842 ad
1645 798 1821 856 iniqui-

1102 858 1250 904 tatem
1285 858 1452 903 eorum
1489 857 1819 902 sublevabunt

1101 918 1286 963 Animas
1303 917 1485 962 eorum.
1544 917 1607 962 Et
1625 918 1713 962 erit
1731 918 1821 962 sic-

1101 986 1154 1023 ut
1196 976 1416 1035 populus,
1456 976 1523 1021 sic
1557 978 1819 1021 sacerdos:

1103 1044 1150 1081 et
1179 1037 1383 1082 visitabo
1411 1050 1553 1094 super
1582 1050 1696 1081 eum
1717 1037 1822 1081 vias

1103 1096 1217 1153 ejus,
1266 1104 1313 1140 et
1356 1095 1671 1153 cogitationes
1714 1097 1820 1153 ejus

1103 1156 1301 1201 reddam
1325 1156 1382 1202 ei.
1450 1156 1511 1201 Et
1541 1156 1814 1206 comedent,

1104 1223 1150 1260 et
1186 1229 1285 1259 non
1322 1213 1691 1260 saturabt'mtur:
1727 1216 1823 1261 sor-

1104 1275 1245 1321 nicati
1271 1283 1395 1325 sunt,
1423 1283 1469 1319 et
1491 1288 1588 1320 non
1607 1275 1823 1321 cessavo-

1104 1343 1244 1380 runt:
1283 1334 1513 1392 quoniam
1550 1334 1820 1381 Dominum

1105 1393 1456 1452 dereliquorunt
1473 1394 1522 1439 in
1544 1408 1642 1440 non
1659 1403 1820 1440 custo-

1106 1454 1298 1500 diondo.

1168 1504 1239 1564 Εἴ.
1279 1512 1412 1559 Misit
1447 1514 1689 1560 Dominus
1722 1514 1822 1559 An·

1105 1572 1266 1632 gelum
1303 1587 1458 1626 suum,
1505 1582 1553 1619 et
1587 1573 1823 1619 conchisit

1107 1647 1192 1677 ora
1211 1632 1404 1678 leonum
1428 1646 1438 1678 :
1465 1624 1491 1648 ⁴⁶
1507 1634 1569 1678 Et
1591 1647 1691 1678 non
1706 1648 1821 1679 con-

1108 1692 1455 1738 taminavorunt
1470 1698 1488 1738 ⁴:
1518 1693 1634 1751 quia
1655 1709 1819 1739 coram

1107 1767 1166 1797 eo
1207 1753 1440 1810 injustitia
1488 1753 1681 1799 invonta
1723 1768 1822 1799 non

1108 1821 1178 1858 est
1200 1812 1248 1856 in
1270 1826 1361 1857 me.
1429 1804 1492 1865 W
1529 1813 1664 1858 Misit
1688 1814 1822 1859 Deus

1107 1871 1481 1917 misericordiam
1553 1885 1707 1924 suam.
1774 1882 1823 1919 et

1110 1931 1353 1977 veritatem
1388 1946 1524 1976 suam
1551 1945 1562 1977 t
1606 1932 1823 1977 animam

1110 2004 1265 2036 meam
1317 1990 1490 2049 eripuit
1545 1993 1607 2036 de
1660 1993 1823 2038 modio

1109 2050 1378 2096 catulorum
1418 2050 1628 2097 leonum.
1664 2077 1725 2084 -—
1760 2053 1822 2098 Et

1111 2124 1224 2157 non.
1254 2104 1419 2156 Gloria
1444 2111 1585 2157 Patri.
1617 2112 1682 2156 Et
1704 2126 1816 2158 non.

1213 2260 1337 2305 FER
1347 2260 1415 2304 ΙΑ
1445 2259 1716 2309 TERTIA.

1102 2337 1109 2344 '
1180 2337 1352 2395 Incipit
1367 2336 1478 2399 Joel
1503 2337 1760 2395 Prophota.

1143 2403 1311 2455 Letstio
1340 2404 1370 2451 i.
1608 2413 1722 2471 Cap.
1759 2413 1789 2459 i.

1348 2489 1591 2534 ERBUM
1608 2489 1820 2540 Domini.

1193 2550 1255 2610 ‘js
1378 2549 1511 2605 quod
1541 2548 1725 2593 faolum
1753 2558 1825 2595 est

1378 2609 1442 2653 ad
1494 2608 1604 2671 Joel
1669 2609 1822 2654 filium

1301 2691 1319 2700 α
1384 2667 1597 2713 Phatuel.
1644 2668 1827 2714 Audite

1111 2728 1202 2771 hoc
1237 2740 1386 2779 senes,
1428 2735 1474 2772 et
1503 2726 1699 2773 auribus
1722 2742 1825 2785 per-

1109 2786 1254 2843 cipite
1307 2800 1477 2831 omnes
1531 2786 1828 2833 habitatores

342 2844 568 2901 effogiam
597 2860 768 2893 manus
791 2854 1045 2892 vestras.—
1113 2854 1295 2891 terrae:
1326 2845 1365 2891 si
1396 2844 1576 2890 saotum
1600 2855 1671 2892 cst
1695 2847 1827 2893 istud

347 2902 519 2963 Molins
541 2912 630 2953 est.

1115 2907 1162 2951 in
1207 2905 1378 2952 diobus
1424 2905 1599 2959 vestri5‚
1647 2915 1735 2952 aut
1776 2907 1826 2953 in
