2050 3392
491 288 671 342 Faria
694 292 863 344 tertia
885 292 970 343 ad
983 293 1377 346 Matutinism.

193 370 484 458 ᾱωοάιιάει
502 425 618 457 cum
658 425 718 457 eo
762 412 913 471 gloria

192 471 312 528 ejus.

253 530 386 585 Quia
417 530 587 576 Anima
616 532 719 589 ejus
739 531 789 576 in
817 532 914 576 vita

192 588 345 691 &sius
376 589 717 636 benedicetur:
746 588 774 614 ⁴*
802 604 914 635 con-

224 649 408 694 tobitur
442 649 531 694 tibi
574 663 688 694 cum
728 650 914 696 beneso-

190 709 309 753 oeris
330 709 391 754 ei.

254 767 485 813 Introibit
506 769 727 825 usquein
742 768 913 826 proge-

193 827 293 871 nies
334 836 538 884 patrum
570 826 769 872 suorum
788 842 799 872 :
818 826 844 851 ⁴*
864 836 910 872 et

193 887 434 990 ffieluin
456 886 709 931 aeternum
729 900 827 931 non
846 888 912 932 vi·

403 959 534 990 men.

255 1003 445 1055 Homo,
488 1018 599 1049 cum
637 1004 686 1049 in
721 1004 911 1051 honore

191 1071 330 1115 esset,
351 1076 457 1108 non
470 1062 762 1108 intelloxit:*
781 1078 911 1110 com·

192 1097 392 1178 pasax’us
432 1130 504 1167 est
541 1122 772 1180 jumentis
801 1124 911 1169 insi-

192 1180 454 1238 mentibus,
481 1189 529 1225 et
552 1180 721 1226 similis
754 1177 911 1228 faustus

191 1246 264 1285 est
285 1240 393 1285 illis.

237 1298 360 1341 Uia.
409 1299 628 1356 Magnus
651 1299 902 1353 Dominus,

192 1365 240 1404 et
260 1358 522 1405 laudabilis
545 1359 703 1405 nimis.

239 1420 356 1461 Asia.
407 1418 547 1464 Deus
566 1418 784 1465 deorum.

361 1514 584 1559 Psahnus
611 1517 715 1562 xiix.

342 1596 484 1642 EUS
524 1596 725 1642 deorum
766 1598 905 1642 Dfius

374 1655 569 1703 locutus
590 1664 663 1702 est
683 1657 736 1702 z*
756 1664 803 1702 et
826 1670 904 1703 vo·

193 1714 314 1762 cavit
336 1724 531 1768 terram.

249 1776 296 1820 A
316 1776 439 1822 solis
453 1783 564 1820 ortu
577 1788 729 1833 usque
745 1777 809 1821 ad
824 1789 903 1822 oc-

195 1835 358 1880 cosum
388 1850 399 1880 ε
425 1832 452 1858 ⁴*
485 1848 544 1879 ex
575 1834 694 1879 Sion
723 1835 904 1892 species

196 1893 379 1940 decoris
400 1895 521 1951 ejus.

253 1953 386 1999 Deus
407 1952 662 1998 manifeste
677 1952 859 1998 veniet:
849 1951 902 1977 ·*

197 2010 324 2058 Deus
346 2021 516 2058 noster
531 2020 578 2057 et
599 2025 698 2056 non
728 2012 895 2057 silebit.

253 2072 387 2129 Ignis
421 2073 471 2116 in
504 2071 768 2140 conspeetu
798 2072 901 2144 eius

195 2132 502 2177 exardescet:
522 2129 548 2153 ³*
565 2138 616 2175 et
634 2130 684 2174 in
705 2128 900 2175 circuitu

195 2191 295 2247 eJus
315 2190 583 2248 tempestas
605 2189 777 2234 valida.

248 2249 520 2294 Advocabit
537 2249 724 2293 coelum
740 2247 901 2293 desur-

195 2319 312 2353 sum:
332 2307 360 2333 ⁴*
375 2317 424 2353 et
441 2316 618 2354 terram
639 2306 901 2352 discernere

197 2367 427 2424 populum
449 2380 606 2413 suum.

249 2427 324 2471 Co
512 2434 559 2470 te
599 2424 663 2469 illi
706 2424 898 2470 motos

195 2485 291 2541 ejus
314 2500 324 2531 ε
347 2484 373 2508 ³*
395 2487 479 2553 qui
510 2484 735 2530 ordinant
758 2491 899 2529 testa-

198 2544 407 2588 mentum
429 2545 535 2601 eJus
557 2556 703 2601 super
722 2543 897 2588 sacrifi·

197 2602 277 2648 cia.

253 2661 315 2706 Et
332 2659 688 2706 annuntiabunt
703 2661 839 2705 coeli
823 2674 896 2719 Ju

197 2719 372 2765 stitiam
403 2722 548 2778 eJus:
595 2718 623 2744 ⁴*
666 2719 895 2776 quoniam

198 2777 326 2824 Deus
343 2781 493 2837 Judex
515 2786 604 2824 est.

250 2838 377 2884 Audi
418 2838 630 2896 populus
666 2851 813 2891 meus,
837 2845 897 2883 et

198 2895 394 2954 loquar:
420 2897 579 2949 Israel,
607 2903 656 2942 et
678 2897 897 2943 testifica-

316 3087 441 3134 Pars
466 3088 510 3132 A
517 3086 802 3133 utumnalis.

1618 313 1688 395 73

981 415 1070 460 bor
1083 416 1199 461 tibi:
1223 415 1249 440 ⁴*
1272 417 1407 462 Deus
1422 388 1559 463 Deus
1573 426 1686 464 tuus

980 487 1072 532 ego
1091 489 1212 520 sum.

983 590 988 591 ⁷
1042 535 1188 579 Νοιι
1175 548 1224 578 ιιι
1246 535 1488 581 sacrificiis
1508 537 1686 582 tuisar-

979 605 1125 649 guam
1146 602 1194 639 te
1222 608 1233 639 ε
1255 592 1281 617 ⁴*
1303 594 1584 640 holocausta
1602 609 1686 640 au·

982 660 1077 696 tem
1108 660 1190 698 tua
1214 654 1262 698 in
1294 654 1554 712 conspootu
1576 668 1685 699 meo

978 719 1090 756 sunt
1111 725 1310 770 semper.

1040 769 1153 816 Non
1184 771 1417 829 accipiam
1446 773 1507 818 de
1537 774 1686 817 domo

978 836 1063 874 tua
1082 830 1312 875 vitulosz*
1329 844 1482 889 neque
1502 833 1562 877 de
1580 831 1685 889 gro<b

976 889 1118 944 gibus
1138 891 1231 934 tuis
1253 890 1421 935 hircos.

1040 949 1279 1004 Quoniam
1318 963 1453 995 meae
1487 957 1604 994 sunt
1632 962 1683 993 o-

979 1022 1115 1054 mnes
1129 1009 1254 1053 serae
1268 1009 1450 1058 silvam.
1467 1007 1684 1064 fiumen·

978 1074 1030 1110 ta
1051 1070 1099 1111 in
1120 1066 1363 1112 montibus
1384 1076 1430 1113 et
1451 1069 1610 1113 boves».

1038 1125 1257 1182 Cognovi
1285 1126 1446 1172 omnia
1476 1127 1683 1173 volatilia

976 1185 1096 1228 coeli
1120 1199 1130 1229 t
1149 1183 1175 1208 ⁴*
1190 1194 1237 1229 et
1256 1185 1560 1242 pulchritudo
1580 1187 1680 1243 agri

979 1256 1167 1291 mecum
1189 1252 1273 1290 est.

1036 1302 1087 1347 Si
1126 1304 1344 1357 esuriero,
1385 1317 1482 1349 non
1524 1306 1679 1350 dicam

978 1361 1103 1407 tibi:
1092 1360 1152 1386 ·*
1172 1376 1307 1407 meus
1327 1372 1398 1408 est
1414 1363 1539 1407 enim
1554 1365 1680 1410 orbis

977 1428 1139 1473 terrae,
1167 1430 1212 1466 et
1233 1421 1481 1485 plenitudo
1502 1424 1616 1480 ejus.

1041 1478 1291 1538 Numquid
1378 1481 1681 1526 manducabo

976 1552 1142 1585 mnes
1194 1540 1435 1585 taurorum
1452 1540 1474 1584 ?
1522 1538 1549 1564 ⁴*
1597 1550 1680 1586 aut

974 1598 1098 1703 εἷος
1099 1599 1258 1703 ginem
1310 1599 1556 1652 hircorum
1580 1613 1681 1658 po-

1039 1718 1247 1762 Immola
1267 1717 1374 1761 Deo
1397 1717 1679 1762 sacrificium

975 1776 1157 1821 laudis.
1174 1774 1257 1820 *et
1273 1776 1419 1819 redde
1437 1774 1682 1821 Altissimo

976 1842 1089 1879 vota
1110 1842 1207 1880 tua.

1037 1894 1098 1939 Et
1111 1895 1280 1939 invoca
1294 1907 1370 1937 me
1382 1893 1430 1937 in
1445 1894 1522 1938 die
1537 1894 1680 1940 tribu-

974 1953 1198 1998 lationis:
1218 1951 1245 1977 ⁴*
1259 1952 1421 1998 eruam
1441 1961 1498 2005 te,
1525 1960 1571 1998 et
1593 1953 1678 1998 ho-

973 2011 1243 2058 norificabis
1265 2025 1354 2057 me.

1037 2071 1276 2116 Peccatori
1337 2079 1499 2118 autem
1559 2072 1675 2118 dixit

974 2129 1107 2175 Deus
1135 2145 1144 2175 :
1168 2129 1195 2152 ⁴*
1224 2131 1383 2185 Quare
1408 2138 1460 2175 tu
1488 2129 1676 2180 enorras

966 2189 1176 2246 justitias
1211 2199 1356 2241 meas,
1393 2197 1440 2234 et
1476 2189 1676 2234 assumis

970 2249 1308 2296 testamentum
1336 2259 1495 2293 meum
1517 2261 1602 2305 per
1621 2261 1676 2294 os

970 2316 1105 2352 tuum
1125 2309 1148 2352 ?

1029 2367 1106 2411 Tu
1137 2376 1248 2412 vero
1283 2366 1425 2412 odisti
1467 2366 1672 2423 discipli-

967 2439 1082 2470 nam
1104 2441 1114 2471 :
1133 2424 1160 2450 ⁴*
1181 2434 1225 2471 et
1243 2425 1481 2483 projecisti
1497 2425 1673 2470 sermo-

967 2498 1051 2530 nes
1071 2499 1205 2529 meos
1226 2485 1508 2530 retrorsum:

1025 2544 1076 2588 Si
1105 2544 1299 2589 vidobas
1327 2542 1491 2593 furem,
1519 2542 1670 2587 curro-

965 2603 1052 2647 bas
1067 2615 1178 2646 cum
1194 2615 1254 2646 eo
1274 2617 1284 2647 ε
1302 2601 1329 2624 ⁴*
1350 2609 1399 2646 et
1415 2613 1524 2645 cum
1538 2600 1671 2653 adul-5

968 2662 1079 2706 teris
1091 2661 1361 2719 portionem
1379 2668 1511 2705 tuam
1523 2660 1670 2717 pone-

1022 2779 1094 2825 Os
1110 2787 1245 2824 tuum
1267 2778 1526 2823 abundavit
1538 2779 1672 2823 mali-

967 2839 1032 2883 tia
1051 2853 1062 2883 2
1085 2836 1113 2861 ⁴*
1133 2846 1181 2884 et
1195 2838 1359 2895 lingua
1379 2845 1462 2883 tua
1482 2838 1671 2883 concin-

964 2897 1110 2943 nabat
1131 2898 1284 2943 dolos.
