2050 3392
338 274 439 333 300
548 264 715 332 Infra
740 262 915 317 Hebd.
942 262 1204 332 quintam
1230 261 1584 316 Novembres.

430 417 632 463 FERIA
661 416 944 472 QUINTA.

337 491 507 551 Incipit
527 491 751 549 Aggaeus
781 489 1034 547 Propheta.

778 566 888 623 Cap.
916 566 945 611 i

443 657 494 683 --,
520 641 616 695 ξδ’
660 651 787 683 anno
827 637 1041 685 secundo

383 731 387 735 ..
417 699 433 738 ’1.
476 697 554 781 {535⁹}
604 698 733 742 Darii
786 699 921 755 regis.
991 699 1037 742 in

383 789 416 809 ,.‚
528 775 554 823 ι
604 770 763 801 mense
803 767 949 809 sexto,
989 758 1040 801 in

361 815 389 851 -f
451 817 461 851 f.
480 795 554 851 N
602 817 678 861 die
719 831 815 861 una
844 819 1033 869 mensis,

335 877 514 919 factum
538 887 606 919 est
630 877 821 922 verbum
844 877 1040 922 Domini

337 939 379 979 in
407 951 550 979 manu
574 937 753 993 Agggaei
770 936 1039 995 Prophetae

335 999 395 1039 ad
429 996 690 1040 Zortfihabel
726 996 877 1041 filium
910 997 1041 1043 Sala-

335 1058 459 1108 thiel,
502 1060 671 1100 (lucem
739 1058 849 1109 uda,
890 1065 935 1101 et
977 1058 1040 1102 ad

327 1118 506 1178 Jesum,
538 1118 683 1160 filium
729 1116 947 1167 &sedech
969 1130 1041 1161 Sa-

333 1178 574 1220 cerdotem
595 1190 833 1233 magnum,
851 1177 1038 1221 dicens.
1030 1191 1039 1200 ·

335 1238 471 1280 Haec
496 1239 558 1280 ait
581 1238 714 1279 Dfius
731 1236 1034 1287 exercituum,

333 1298 492 1339 dicens
514 1312 522 1338 1
552 1295 759 1352 Populus
781 1295 867 1340 iste
887 1296 1039 1340 dicit:

335 1356 562 1400 'Nom-ium
598 1354 719 1399 venit
745 1362 935 1411 tempus
955 1354 1042 1399 do-

333 1430 439 1460 mus
463 1413 656 1458 Domini
676 1413 1015 1459 aedificandae.

403 1486 463 1535 fg«
492 1476 600 1518 Vidi
628 1472 901 1519 Dominum.
929 1476 1032 1531 287.

480 1622 525 1667 T
544 1563 727 1667 gaggi&
747 1576 817 1668 ¹est
842 1623 1037 1667 verbum

510 1682 706 1729 Domini
720 1682 769 1728 in
782 1695 929 1728 manu
942 1684 1039 1740 Ag-

331 1755 438 1800 gae1
492 1743 769 1801 Prophetae,
829 1743 989 1787 dicens
1029 1757 1038 1788 ;

334 1803 585 1860 Numquid
606 1811 797 1859 tempus
812 1803 947 1847 vobis
967 1810 1038 1847 est
1113 1841 1127 1851 ,
1151 1825 1159 1855 ·.

332 1869 384 1906 ut
434 1862 655 1907 habitetis
706 1863 754 1905 in
814 1862 1040 1907 domibus

332 1920 575 1976 laqueatis,
595 1929 642 1965 et
658 1921 831 1966 domus
853 1923 942 1966 ista
960 1923 1037 1966 de-

333 1979 458 2024 serta
476 1981 497 2024 ?
528 1980 590 2024 Et
619 1993 746 2024 nunc
777 1980 893 2024 haec
926 1982 1038 2025 dicit

334 2038 569 2084 Dominus
590 2038 883 2084 exercituum
912 2055 922 2085 :
951 2041 1040 2086 Ρό-

332 2098 429 2142 nite
449 2099 597 2143 corda
613 2107 767 2145 vestra
782 2112 923 2157 super
940 2101 1039 2145 vias

332 2166 522 2203 vestras.
601 2159 878 2205 Seminastis
919 2161 1037 2205 mul-

333 2224 434 2262 tum
475 2225 522 2264 et
563 2217 785 2264 intulistis
825 2233 995 2276 parum
1027 2234 1037 2264 :

332 2277 618 2330 comedistis.
646 2286 693 2323 et
715 2292 811 2325 non
834 2279 943 2323 estis
965 2293 1039 2324 sa-

333 2338 467 2383 tiati:
497 2337 693 2390 bibistis,
720 2346 767 2383 et
797 2352 894 2384 non
926 2339 1038 2383 estis

332 2397 546 2443 inebriati
569 2412 578 2442 z
602 2397 851 2455 operuistis
875 2411 969 2448 vos,
989 2406 1037 2442 et

332 2469 429 2501 non
456 2457 567 2502 estis
597 2457 843 2501 calefacti:
876 2465 923 2501 et
954 2458 1036 2514 qui

334 2516 1037 2573 mercedescongregavit‚misit

332 2587 414 2621 eas
433 2576 481 2621 in
505 2576 749 2621 SAcculum
772 2574 1032 2633 pertusum.

390 2643 458 2690 w,
487 2635 663 2693 Aspice
682 2634 902 2680 Domine.
929 2637 1032 2680 288.

557 2716 718 2762 Leciio
743 2716 798 2760 iii.

468 2780 600 2825 AEC
646 2781 759 2827 dicit
800 2781 1038 2827 Dominus

497 2841 787 2886 exercituum
870 2841 1037 2887 Ponite

332 2894 479 2940 corda
498 2905 652 2944 vestra
670 2913 813 2958 super
832 2913 931 2946 v1as
961 2914 1039 2947 ve-

1102 405 1239 445 stras:
1253 398 1493 445 ascendite
1506 400 1556 443 in
1571 407 1813 451 montem,

1103 460 1287 517 portate
1315 460 1456 517 ligna„
1482 467 1532 504 et
1561 460 1824 505 aedificate

1103 522 1302 565 domum
1316 533 1326 564 :
1345 527 1392 564 et
1403 520 1712 577 acceptabilis
1724 522 1822 565 mi-

1104 580 1150 623 hi
1171 580 1269 631 erit,
1289 587 1338 624 et
1357 579 1670 637 glorificabor,
1695 580 1818 625 dicit

1104 641 1255 685 Dfius.
1313 639 1601 697 Respexistis
1621 640 1688 683 ad
1709 640 1819 684 Am-

1103 700 1238 758 plius,
1255 707 1302 743 et
1319 712 1428 743 ecee
1443 698 1625 743 factum
1637 706 1709 743 est
1722 700 1819 743 mi-

1104 772 1212 804 nus:
1230 767 1276 804 et
1289 759 1512 804 intulistis
1525 759 1572 802 in
1587 759 1808 809 domum,

1102 826 1149 863 et
1165 818 1406 863 exsufflavi
1418 818 1561 863 illud.
1551 832 1561 841 ·
1583 831 1730 875 quam
1743 820 1819 863 ob

1103 892 1312 930 causam,
1336 878 1450 922 dicit
1480 878 1616 922 Dfius
1635 877 1818 921 exerci-

1104 947 1238 984 tuum
1276 939 1299 982 ?
1337 939 1450 996 quia
1491 938 1662 982 domus
1698 950 1818 982 mea

1103 998 1291 1044 deserta
1310 1006 1394 1050 est,
1409 1006 1456 1043 et
1477 1011 1560 1042 vos
1576 995 1818 1042 festinatis

1104 1058 1434 1115 unusquisque
1451 1058 1497 1101 in
1514 1057 1712 1101 domum
1732 1070 1817 1100 su-

1103 1131 1197 1163 am.
1246 1119 1444 1175 Propter
1458 1117 1548 1161 hoc
1565 1129 1708 1173 super
1722 1130 1818 1161 vos

1105 1177 1329 1235 prohibiti
1355 1184 1465 1221 sunt
1490 1176 1607 1220 coeli
1636 1188 1698 1219 ue
1725 1176 1820 1220 da-

1105 1244 1206 1281 rent
1221 1250 1388 1287 rorem,
1403 1244 1449 1281 et
1463 1244 1585 1281 terra
1598 1235 1820 1292 prohibi-

1106 1305 1154 1342 ta
1163 1304 1231 1341 est
1241 1309 1301 1340 ne
1309 1297 1443 1340 daret
1450 1308 1644 1359 germen
1653 1308 1817 1341 suum.

1158 1361 1228 1415 R7
1253 1356 1426 1413 Aspice
1435 1355 1542 1398 Dfie
1545 1351 1690 1410 ,quia
1699 1352 1806 1399 288.

1223 1505 1425 1552 FERIA
1455 1506 1688 1553 SEXTA.

1108 1585 1276 1644 Incipit
1289 1583 1540 1630 Zacharias
1552 1584 1815 1643 Propheta.

1157 1667 1370 1717 Lectioi.
1574 1661 1690 1721 Cap·
1716 1662 1747 1709 i

1125 1751 1306 1797 ··³··3-·„··‘÷:‘·'
1288 1738 1387 1791 ξιδΐ
1423 1750 1586 1784 mense
1636 1738 1820 1785 octavo

1185 1793 1199 1821 ’ἶ
1370 1799 1417 1841 in
1437 1811 1566 1842 anno
1597 1798 1819 1844 secundo

1372 1857 1504 1902 Darii
1554 1858 1690 1915 regis,
1743 1859 1819 1904 sa·

1125 1909 1157 1948 -f
1175 1925 1191 1938 ⁸
1368 1915 1500 1961 [Itum
1521 1925 1591 1962 est
1612 1918 1818 1963 verbum

1107 1953 1296 2018 Domini
1330 1977 1393 2020 acl
1429 1976 1719 2028 Zachariam,
1759 1977 1818 2022 fi-

1105 2036 1216 2078 lium
1256 2036 1352 2078 Bm
1348 2035 1512 2080 mhiae
1541 2036 1624 2080 sslii
1643 2037 1811 2089 Addo,

1107 2096 1121 2136 Ι
1131 2096 1324 2151 rophet
1318 2110 1406 2146 mi,
1434 2095 1627 2140 dicens:
1654 2096 1817 2141 Iratus

1102 2161 1171 2198 est
1205 2153 1442 2198 Dominus
1476 2169 1618 2212 super
1651 2163 1817 2214 patres

1103 2220 1282 2258 vestros
1313 2213 1571 2259 iracundia.
1600 2214 1664 2259 Et
1682 2215 1818 2260 dices

1102 2274 1165 2317 ad
1197 2286 1313 2318 eos:
1350 2273 1486 2318 Haec
1507 2274 1622 2318 dicit
1644 2273 1817 2320 Domi·

1104 2344 1192 2376 nus
1214 2333 1506 2377 exercituum
1530 2347 1540 2378 :
1564 2331 1818 2379 Converti-

1102 2390 1218 2436 mini
1255 2393 1318 2437 ad
1356 2406 1444 2444 me,
1469 2393 1535 2437 ait
1573 2392 1818 2438 Dominus

1102 2451 1392 2496 exercituum
1402 2466 1411 2496 :
1421 2460 1468 2496 et
1485 2452 1734 2498 convertar
1748 2454 1816 2498 ad

1102 2523 1200 2564 νοε,
1220 2511 1335 2556 dicit
1347 2511 1484 2556 Dnus
1501 2511 1813 2559 exercituum.

1154 2576 1230 2633 Ιζῖ,
1264 2570 1419 2629 Super
1439 2584 1616 2618 muros.
1644 2573 1749 2617 288.

1321 2650 1384 2693 Le
1388 2654 1462 2692 oth
1455 2671 1483 2693 ι)
1519 2651 1555 2691 ii

1249 2723 1292 2766 E
1336 2722 1439 2767 sitis
1482 2722 1604 2767 sicut
1652 2732 1819 2780 patres

1098 2729 1384 2887 Qanta-
1277 2782 1431 2835 vestri,
1458 2782 1522 2826 ad
1558 2795 1683 2838 quos
1721 2785 1799 2830 cla

1101 2841 1384 2947 dicentetsg>r

1886 1985 1896 2310 ..ἠ-,-
1889 1719 1895 1919 -.-—-

824 2855 833 2886 :
977 2843 985 2850 '
1384 2840 1589 2887 ohetae
1609 2842 1810 2899 priores
1700 2799 1896 3037 *j

865 2901 873 2909 '
1431 2914 1515 2947 aec
1531 2901 1645 2947 dicit
1670 2901 1816 2950 Dnus
