2050 3392
407 272 529 338 xxx

458 410 512 453 In
566 408 708 455 Festo
749 415 907 453 autem
952 407 1095 453 Mart.

395 483 492 515 non
511 470 644 515 Pont.
666 470 884 524 leguntur
897 480 1018 523 quae
1034 467 1103 511 in-

397 529 536 572 ferius
560 529 740 585 positae
762 533 869 570 sunt
892 527 940 569 in
958 526 1103 572 Com-

396 588 524 631 muni
549 587 731 643 plurim.
761 586 902 631 Mart.
927 584 1052 632 xlvii.

401 668 478 716 De
508 667 710 716 Aestibus
739 668 1099 728 Apostolorum.

399 772 406 776 -
457 745 621 792 Letstio
643 747 671 793 i.
751 747 865 806 Cap.
891 761 967 792 xx.
993 747 1041 792 d.

408 828 599 924 Γὲῑ
644 822 909 870 MILETO
934 823 1108 869 Paqus

647 883 839 928 mittens
849 883 1108 940 Ephesum,

524 952 575 1005 3
588 980 603 987 x
648 942 832 988 vocavit
895 942 1105 1000 Majores

652 1011 767 1047 natu
850 1002 1101 1047 Ecclesiae.

401 1060 499 1117 Qui
564 1075 674 1107 cum
740 1061 974 1106 venissent
1045 1062 1109 1106 ad

400 1133 526 1174 eum,
567 1128 614 1166 et
653 1120 795 1166 simul
835 1128 1003 1173 essent,
1040 1121 1111 1165 di-

400 1180 470 1224 xit
496 1180 563 1224 eis
585 1195 595 1224 :
627 1179 727 1225 Vos
756 1181 885 1225 scitis
906 1194 936 1224 a
955 1181 1112 1237 prima

400 1238 493 1290 die,
530 1252 627 1294 qua
657 1239 893 1295 ingressus
924 1253 1032 1283 sum
1062 1239 1112 1283 in

398 1296 578 1348 Asiam,
628 1297 829 1354 qualiter
865 1298 1110 1342 vobiscum

399 1368 486 1412 per
516 1369 658 1400 omne
693 1364 881 1413 tempus
920 1356 1105 1410 fuerim,

399 1414 605 1460 serviens
628 1414 838 1461 Domino
854 1429 961 1461 cum
979 1418 1111 1461 omni

400 1473 678 1527 humilitate,
714 1482 761 1520 et
792 1475 1025 1534 lherymis,
1064 1484 1109 1521 et

401 1533 756 1586 tentationibus.
818 1547 943 1592 quae
992 1535 1109 1580 mihi

400 1593 673 1639 acciderunt
707 1607 767 1639 ex
811 1593 993 1639 insidiis
1021 1595 1111 1664 Ju-

401 1653 631 1700 daeorum
658 1668 668 1699 :
701 1653 949 1712 quomodo
994 1653 1111 1700 mhil

399 1714 713 1759 subtraxerim
763 1714 963 1767 utilium,
1013 1727 1112 1771 quo

400 1773 558 1818 minus
586 1772 917 1818 annuntifirem
957 1774 1105 1825 vobis,

398 1839 447 1876 et
480 1831 698 1877 docerem
720 1835 823 1878 vos‘
869 1832 1036 1885 ublice,
1063 1840 1110 1877 et

401 1903 487 1946 per
521 1892 706 1944 domos,
744 1899 835 1936 test
854 1892 999 1937 ficans
1022 1892 1112 1955 Ju-

400 1949 533 1993 daeis
568 1957 713 2007 atque
752 1950 1019 1996 Gentilibus
1062 1952 1109 1995 in

400 2006 559 2052 Deum
620 2008 985 2065 poenitentiam,
1063 2019 1109 2056 et

398 2066 543 2111 fidem
594 2067 643 2111 in
705 2067 968 2113 Dominum
1005 2082 1110 2115 ··no—

396 2132 547 2170 strum
560 2126 728 2188 Jesurn
750 2126 1006 2174 Christum.
1047 2130 1110 2174 Et

394 2196 525 2229 nunc
574 2198 683 2230 ecce
744 2186 966 2244 alligatus
1015 2201 1110 2246 ego

398 2244 579 2301 spiritu,
607 2246 731 2290 vado
759 2245 808 2290 in
821 2246 1101 2309 Jerusa1em,

400 2305 578 2361 quaein
588 2318 643 2349 ea
657 2304 957 2351 venturasint
971 2306 1100 2359 mihi,

398 2363 641 2421 ignorans:
656 2364 742 2409 nisi
759 2367 892 2422 quod
905 2365 1108 2423 Spiritus

398 2424 592 2469 sanetus
611 2436 697 2481 per
712 2437 877 2469 omnes
894 2424 1107 2469 civitates

398 2483 514 2527 mihi
556 2481 857 2540 protestetur,
904 2484 1105 2529 dicens:

399 2541 640 2597 Quoniam
702 2542 890 2587 vincula
939 2550 986 2588 et
1029 2544 1109 2588 tri-

398 2601 666 2647 bulationes
686 2600 998 2662 Jerosolymis
1029 2616 1107 2647 me

395 2667 606 2705 manent.
660 2660 756 2706 Sed
787 2661 903 2706 nihil
934 2661 1105 2706 horum

398 2718 561 2763 vereor
588 2733 597 2764 :
621 2732 708 2763 nec
738 2718 863 2764 sdcio
894 2719 1105 2765 Animam

398 2789 552 2820 maem
589 2778 916 2833 pretiosiorem
959 2793 1104 2836 quam

393 2846 484 2884 me,
499 2834 765 2881 dummodo
773 2837 1103 2883 consummem

392 2904 583 2937 cursum
621 2907 796 2949 meum,
823 2904 872 2942 et
891 2897 1104 2944 ministe-

1157 488 1164 494 ·
1181 466 1392 512 Domino
1441 467 1576 530 Jesu,

751 276 1052 339 Commune
1075 285 1248 339 unius
1270 285 1577 355 Martyris,

1176 407 1298 453 rium
1328 407 1474 460 verbi,
1502 407 1639 466 quod
1671 405 1830 466 accepi
1856 419 1888 453 a

1655 467 1885 513 testificari

1179 526 1493 582 Evangelium
1514 526 1700 584 gffitiae
1722 526 1825 571 Dei.

1236 584 1310 641 R7.
1340 585 1437 630 Iste
1453 585 1659 630 Sanetus
1680 587 1886 643 prolege

1178 644 1268 689 Dei
1299 645 1372 689 sui
1405 644 1602 690 certAvit
1637 658 1790 702 usque
1824 644 1884 689 ad

1177 711 1396 757 mortem,
1424 712 1471 749 et
1492 718 1523 749 a
1542 704 1697 749 verbis
1724 703 1885 762 impio-

1178 777 1284 808 rum
1297 776 1397 808 non
1410 763 1587 809 timuit:
1599 760 1625 783 ⁴*
1645 763 1884 808 Fundanis

1179 824 1306 868 enim
1327 831 1430 869 erat
1445 835 1592 880 supra
1607 822 1791 866 firmam
1807 835 1883 879 pe-

1179 890 1314 927 tram.
1339 876 1407 952 JV.
1437 882 1534 927 Iste
1564 889 1638 927 est
1667 882 1750 939 qui
1780 894 1882 926 con·

1180 941 1375 998 tempsit
1414 942 1565 987 vitam
1615 941 1797 993 mundi,
1837 946 1881 985 et

1179 1001 1392 1058 pervenit
1407 1002 1473 1046 ad
1487 1000 1713 1046 coelestia

1178 1085 1244 1111 —,
1260 1059 1522 1107 Fundatus.
1596 1057 1772 1106 Benedi
1823 1056 1873 1103 ’0.

1182 1119 1472 1178 Unigenitus
1494 1120 1587 1166 Dei
1609 1119 1769 1166 Filius.

1418 1209 1587 1259 Letstio
1608 1211 1654 1261 ii.

1333 1296 1381 1343 T
1393 1311 1520 1344 nunc
1534 1313 1649 1344 ecce
1660 1312 1753 1357 ego
1772 1298 1874 1350 scio,

1358 1359 1476 1415 quia
1535 1358 1741 1416 Amplius
1791 1370 1879 1402 non

1182 1415 1226 1461 vi
1263 1415 1401 1462 ebitis
1433 1416 1606 1463 faciem
1629 1431 1784 1462 meam
1803 1429 1879 1460 vos

1181 1489 1361 1528 omnes,
1407 1489 1496 1533 per
1536 1490 1660 1534 quos
1699 1475 1879 1522 transivi

1180 1536 1460 1592 praedicans
1635 1549 1718 1580 um
1851 1535 1873 1579 ‘.

1179 1594 1488 1652 Quapropter
1526 1594 1771 1641 contestor
1802 1606 1880 1638 vos

1181 1653 1410 1700 hodierna
1431 1654 1523 1708 die,
1545 1655 1663 1713 quia
1682 1655 1879 1700 mundus

1178 1727 1283 1758 sum
1321 1727 1353 1759 a
1390 1714 1626 1772 sanguine
1656 1715 1872 1761 omnium.

1183 1772 1297 1819 Non
1327 1773 1453 1818 enim
1486 1773 1766 1831 subterfugi,
1791 1786 1879 1831 quo

1180 1833 1336 1878 minus
1371 1834 1706 1879 annuntiarem
1745 1844 1878 1879 omne

1178 1892 1427 1937 consilium
1443 1892 1535 1937 Dei
1553 1893 1703 1938 vobis.
1722 1892 1878 1937 Atten-

1178 1952 1278 1996 dite
1289 1951 1493 2003 vobis‚et
1505 1952 1726 1998 universo
1737 1951 1872 2010 gregi.

1180 2011 1228 2055 in
1248 2024 1347 2068 quo
1366 2024 1452 2055 vos
1473 2011 1681 2068 Spiritus
1696 2010 1877 2056 sanetus

1177 2069 1335 2127 posuit
1345 2069 1615 2127 Episcopos
1629 2070 1879 2129 regereEc·

1178 2129 1368 2174 cles-iam
1391 2129 1496 2181 Dei,
1518 2143 1667 2187 quam
1690 2128 1878 2188 acquisi-

1177 2189 1243 2233 vit
1273 2187 1504 2245 sfinguine
1524 2202 1627 2234 suo.
1653 2189 1762 2247 Ego
1788 2189 1877 2234 scio

1185 2247 1411 2305 quoniam
1470 2247 1721 2294 intrabunt
1776 2253 1876 2305 pest

1178 2306 1514 2351 discessionem
1528 2320 1689 2352 meam
1702 2307 1799 2364 lupi
1809 2319 1875 2351 ra·

1177 2365 1318 2423 phces
1339 2366 1387 2409 in
1408 2379 1506 2417 vos,
1522 2379 1620 2410 non
1785 2373 1876 2410 ntes

1174 2424 1320 2481 gregi.
1349 2424 1411 2469 Et
1431 2437 1490 2468 ex
1507 2425 1647 2470 ,vobis
1669 2425 1782 2482 ipsis
1805 2437 1876 2469 ex·

1174 2487 1345 2544 urgent
1387 2484 1471 2528 viri
1501 2484 1754 2540 loquentes
1783 2496 1877 2541 pa*-

1176 2547 1320 2595 versa,
1341 2551 1395 2588 ut
1416 2541 1660 2588 abducant
1682 2544 1877 2601 discipu-

1174 2601 1245 2647 los
1277 2610 1387 2659 post
1419 2614 1484 2647 se.
1525 2602 1727 2659 Propter
1755 2600 1876 2659 quod

1174 2661 1380 2719 vigilate,
1420 2660 1654 2706 memoria
1685 2659 1876 2706 retinen·

1174 2728 1258 2772 tes.
1277 2720 1504 2777 quoniam
1527 2733 1612 2777 per
1631 2720 1875 2765 triennium

1171 2779 1316 2824 noete
1345 2788 1393 2823 et
1434 2779 1513 2824 die
1546 2789 1647 2823 non
1688 2776 1871 2830 cessitvi.

1170 2852 1282 2884 cum
1375 2837 1593 2896 lacrymis
1683 2847 1878 2883 monens

1170 2897 1561 2957 unumquemque
1581 2903 1821 2956 vestrum„
