2050 3392
134 576 137 595 Γ

197 413 396 447 sumatur
435 406 570 450 littera
619 406 900 451 Dominioelis

196 467 374 498 currens
399 456 505 500 infra
529 468 668 501 tamen
688 460 899 512 Epaekam

195 518 450 559 currentem,
469 509 527 552 ita
543 520 590 552 ut
607 511 644 552 si
657 510 799 553 littera
812 512 901 552 Do-

192 557 404 617 minioelis
430 575 598 603 currens
625 561 860 613 reperiatur
876 578 900 603 e

193 621 370 659 regione
389 612 574 663 Epactae
591 613 813 662 currentis,
835 628 900 654 as-

193 663 400 703 sumenda
417 663 472 704 sit
488 666 636 705 eadem
654 664 795 705 littera
814 665 901 705 Do-

194 710 402 755 minicalis
459 715 648 774 proxime
712 714 894 756 inferior.

195 762 310 804 Nam
329 778 355 805 e
381 780 551 826 regione
577 766 707 817 hujus
735 766 900 807 litterae

194 812 472 872 Dominicahs
489 817 631 859 omnia
660 818 788 859 Festa
814 832 900 859 mo-

193 862 291 906 biba
310 868 590 910 continentur.

239 916 507 970 Exemplum.
596 921 722 962 Anno
785 922 895 962 1606.

195 965 359 1026 Epacta
385 980 450 1012 est
478 970 551 1012 xxi
570 982 614 1012 et
641 970 784 1012 littera
811 971 899 1012 Do·

194 1018 397 1062 mmioelis
411 1022 458 1059 Α.
509 1021 555 1064 Si
574 1021 706 1073 igitur
720 1021 763 1062 in
778 1022 899 1063 tabu·

195 1068 232 1108 la
248 1071 425 1131 antiqua
443 1083 636 1114 sumatur
653 1072 793 1114 littera
812 1073 900 1114 Do-

195 1120 398 1164 minicahs
418 1122 470 1164 Α.
488 1139 599 1175 quae
626 1124 763 1176 primo
791 1124 899 1165 infra

198 1170 400 1222 Epaetam
426 1175 498 1216 xxi
527 1175 724 1224 occurrit,
745 1174 899 1226 reperi-

195 1231 285 1262 etur
314 1238 338 1264 e
369 1225 540 1277 regione
574 1226 703 1277 hujus
735 1226 899 1268 litterae

198 1273 416 1318 Dominioe
447 1277 794 1329 Septuagesimae
829 1277 899 1319 die

195 1337 241 1363 ²2
274 1325 481 1376 Januarii,
510 1329 601 1370 dies
637 1328 840 1370 Cinerum
875 1331 898 1369 8

198 1374 425 1427 Februarii,
463 1379 629 1421 Pascha
655 1382 704 1420 26
734 1379 897 1430 Martii,

193 1426 392 1471 Ascensio
411 1429 584 1471 Domini
599 1446 624 1480 4
645 1430 770 1482 Maji,
793 1431 900 1472 Pen-

194 1485 371 1537 tecostes
382 1496 426 1540 ¹4
439 1481 608 1532 Maji,et
615 1482 787 1522 Festum
797 1481 899 1541 (ξος-

194 1541 304 1579 poris
323 1531 478 1573 Christi
497 1547 545 1583 25
562 1532 684 1583 Maji.
705 1533 899 1574 Domini·

195 1593 267 1621 cae
292 1591 434 1623 autem
459 1583 570 1624 inter
600 1584 896 1632 Pentecosten,

194 1640 232 1672 et
246 1633 488 1675 Adventum
503 1648 554 1676 eo
571 1649 683 1676 anno
695 1645 818 1676 erunt
833 1637 896 1684 28,

194 1692 233 1723 et
249 1685 472 1727 Adventus
489 1685 773 1728 celebrabitur
790 1685 860 1728 die
876 1702 898 1738 3

196 1734 464 1778 Decembris:
492 1746 535 1779 et
553 1737 615 1779 sic
633 1740 686 1779 de
704 1737 893 1779 caeteris.

200 1786 302 1827 Item
329 1801 441 1828 anno
463 1790 569 1847 1605.
595 1788 762 1839 Epacta
788 1799 852 1830 est
871 1804 898 1829 x

195 1846 233 1895 et
261 1837 400 1879 littera
427 1838 706 1880 Dominicalis
725 1839 768 1888 b,
787 1854 898 1900 quae

195 1901 235 1929 m
264 1889 410 1930 tabula
443 1890 651 1941 reperitur
676 1905 700 1931 e
728 1905 899 1941 regione

200 1939 381 1999 EpaCtae
395 1956 433 1982 x.
455 1941 600 1992 Quare
613 1942 821 1983 sumenda
834 1953 898 1983 est

196 1990 273 2031 aha
290 1990 428 2033 littera
446 1992 489 2041 b,
509 2006 620 2043 quae
630 1991 825 2052 proxime
838 1992 899 2033 in-

196 2041 255 2083 fra
276 2043 479 2093 Epastam
499 2043 729 2091 invemtur,
749 2058 773 2084 e
793 2044 898 2094 regi-

196 2106 271 2134 one
287 2094 408 2153 cujus
423 2093 615 2153 invenies
629 2094 898 2153 Septuagesi-

200 2157 300 2185 mam
311 2145 378 2186 die
387 2147 411 2185 6
424 2145 546 2186 Febr.
556 2146 688 2193 ,diem
698 2147 898 2187 Cmerurn

200 2209 244 2246 23
265 2196 400 2245 Febr„
421 2196 587 2237 Pascha
609 2211 658 2237 ιο
675 2196 797 2246 Apr.,
817 2196 892 2238 &a

247 2247 492 2288 Notandum
511 2256 656 2287 autem
684 2256 764 2295 est,
785 2249 897 2298 quod

200 2299 547 2349 quemadmodum
578 2297 621 2338 in
650 2311 762 2338 anno
789 2311 897 2357 com-

201 2348 321 2397 muni,
340 2350 517 2391 cadente
538 2348 681 2389 littera
708 2348 898 2390 Domini-

201 2400 273 2440 cali
284 2415 306 2441 e
316 2399 484 2450 regione
495 2399 689 2451 Epadtae
700 2398 742 2439 in
755 2400 897 2441 tabula

201 2451 375 2502 antiqua,
404 2450 589 2491 sumitur
615 2450 767 2491 eadem
791 2450 898 2491 litte-

203 2516 244 2543 ra
260 2502 441 2554 proxima
468 2501 579 2543 infra
609 2501 832 2559 Epadtam,
853 2511 898 2542 ut

204 2553 371 2595 diximus
394 2552 485 2595 :ita
544 2565 690 2603 uoque
717 2565 760 2591 m
787 2566 896 2593 anno

207 2604 414 2654 Bissextili,
435 2604 472 2645 si
492 2618 521 2643 a
538 2612 702 2643 terutra
720 2603 897 2644 duarum

204 2656 416 2697 litterarum
437 2653 777 2712 Dominicalium
799 2664 898 2695 tunc

207 2708 441 2748 currentium
465 2721 490 2747 e
511 2718 689 2755 regione
712 2704 898 2755 Epaetae

206 2759 429 2817 reperiatur,
468 2755 759 2798 assumendae
802 2766 899 2797 sunt

205 2810 300 2850 aliae
316 2811 420 2851 duae
438 2808 606 2849 similes
627 2805 790 2845 litterae
808 2820 900 2856 pro·

207 2860 304 2902 xime
327 2859 560 2906 inferiores,
581 2865 632 2897 ut
664 2856 790 2897 Festa
817 2870 900 2898 mo-

211 2912 296 2954 bilia
310 2910 589 2953 inveniantur.

517 271 605 325 De
625 270 801 326 Anno
824 272 880 324 et
900 267 1025 338 ejus
1041 270 1317 341 partibus.
1605 273 1675 329 xi.

1019 406 1090 448 Ex
1107 407 1256 450 tabula
1271 423 1374 451 vero
1393 409 1587 452 Paschali
1605 424 1681 452 no·

969 472 1023 498 va
1040 457 1100 499 ita
1118 462 1270 501 adem
1291 461 1418 503 Festa
1430 461 1602 503 mobilia
1616 476 1680 503 re-

1045 509 1194 551 ‘entur.
1255 511 1307 552 In
1334 512 1486 553 cellula
1512 512 1678 555 litterae

1012 560 1248 603 ominicalis
1271 563 1478 604 currentis
1503 578 1681 615 quaera-

968 622 1038 652 tur
1067 613 1231 664 Epadta
1266 627 1450 656 currens.
1511 616 1626 656 Nam
1653 631 1677 656 e

967 662 1128 703 directo
1164 664 1306 706 omnia
1345 666 1471 707 Festa
1506 666 1679 708 mobilia

967 715 1345 765 deprehendentur.
1371 716 1433 758 Ut
1451 731 1563 758 anno
1582 720 1678 769 1609

967 764 1008 805 in
1028 766 1181 806 cellula
1208 767 1370 808 litterae
1398 768 1678 810 Dominicalis

966 817 1010 864 d,
1049 824 1150 858 tunc
1194 819 1399 860 currentis
1443 834 1467 860 e
1504 820 1676 871 regione

969 867 1158 918 Epadtae
1209 868 1313 911 xxiv
1363 884 1473 922 quae
1525 872 1677 913 eodem

965 932 1078 959 anno
1108 919 1252 969 currit,
1280 920 1462 963 habetur
1497 922 1677 973 Septua-

995 969 1128 1010 esima
1153 971 1222 1012 die
1253 986 1298 1023 ¹5
1329 973 1563 1022 Februarii,
1584 973 1676 1014 dies

1004 1021 1170 1062 inex-um
1199 1038 1224 1072 4
1253 1022 1419 1073 Martii,
1440 1024 1607 1065 Pascha
1628 1039 1675 1075 19

965 1071 1139 1122 Aprilis,
1159 1073 1235 1114 διε.

1019 1123 1103 1164 Sed
1122 1123 1211 1165 sive
1237 1124 1428 1178 antiqua,
1448 1125 1538 1168 sive
1565 1140 1676 1168 nova

966 1174 1113 1215 tabula
1133 1175 1326 1217 Paschali
1354 1188 1539 1226 utamur,
1560 1177 1677 1218 inve·

965 1224 1121 1267 nienda
1135 1239 1231 1267 sunt
1245 1227 1388 1268 omnia
1399 1228 1527 1269 Festa
1544 1227 1677 1269 mobi-

966 1276 1021 1317 lia
1049 1275 1091 1317 in
1118 1277 1240 1319 annis
1278 1278 1573 1320 Bissextilibus
1602 1294 1679 1331 per

966 1326 1148 1369 litteram
1167 1328 1477 1370 Dominicalem
1503 1330 1677 1381 posteri-

964 1392 1095 1427 orem,
1109 1392 1219 1430 quae
1231 1379 1428 1421 nimirum
1439 1381 1570 1423 currit
1581 1390 1678 1432 post

968 1430 1141 1470 Festum
1149 1431 1284 1471 saneti
1295 1430 1487 1472 Mathiae
1496 1435 1679 1484 Aposto-

965 1479 1008 1528 li,
1030 1494 1083 1521 ne
1102 1480 1260 1522 scilicet
1279 1481 1560 1533 ambigamus,
1581 1491 1679 1524 utra

965 1532 1146 1572 duarum
1159 1531 1392 1574 litterarum
1433 1548 1479 1574 ro
1495 1533 1589 1581 hoc,
1602 1543 1678 1575 aut

965 1581 1038 1624 illo
1061 1583 1188 1624 Festo
1207 1582 1392 1634 indagan
1425 1599 1450 1625 o
1467 1584 1678 1637 accipien-

964 1634 1020 1674 da
1039 1633 1094 1674 sit
1112 1646 1122 1674 ε
1143 1634 1203 1674 ita
1221 1645 1428 1682 tamen,ut
1443 1636 1677 1687 septuage-

964 1684 1096 1726 simae
1110 1694 1154 1726 et
1165 1684 1250 1726 diei
1265 1684 1466 1728 Cinerum
1481 1686 1678 1729 inventae

965 1735 1009 1775 in
1025 1736 1236 1786 Januario
1254 1745 1329 1777 aut
1353 1736 1582 1779 Februario
1600 1741 1674 1780 ad-

966 1788 1095 1827 datur
1126 1800 1234 1827 unus
1262 1786 1365 1828 dies.
1425 1788 1552 1839 Quod
1580 1789 1677 1831 ideo

968 1837 1012 1877 fit
1032 1836 1134 1889 quia
1152 1849 1251 1878 ante
1282 1838 1395 1879 diem
1415 1839 1455 1880 S.
1482 1839 1677 1882 Mathiae

965 1888 1097 1930 currit
1106 1888 1224 1948 prior
1232 1888 1369 1930 littera
1381 1889 1674 1940 Dominicalis,

966 1953 1076 1991 quae
1104 1954 1147 1980 in
1180 1940 1438 1982 Kalendario
1473 1943 1677 1993 posterio-

965 2005 1053 2031 rem
1067 2005 1235 2043 semper
1252 1992 1468 2043 sequitur:
1489 2004 1584 2045 post
1600 1994 1633 2034 F
1636 2009 1677 2035 e·

963 2053 1077 2083 stum
1094 2052 1239 2083 autem
1259 2043 1301 2084 S.
1322 2044 1516 2084 Mathiae
1534 2043 1576 2085 in
1600 2045 1676 2086 Fe-

964 2092 1150 2142 bruario,
1180 2093 1277 2134 licet
1304 2094 1509 2145 posterior
1536 2095 1675 2137 littera

964 2143 1296 2191 currat,additur
1309 2156 1449 2186 tamen
1469 2156 1569 2187 tunc
1583 2145 1675 2188 dies

964 2194 1239 2242 intercalaris,
1261 2194 1319 2237 ita
1337 2206 1384 2236 ut
1402 2196 1493 2237 dies
1521 2212 1566 2247 24
1600 2198 1677 2239 Fe-

964 2245 1122 2287 bruarii
1150 2246 1317 2287 dicatur
1344 2262 1407 2297 25,
1435 2258 1478 2288 et
1506 2247 1598 2289 dies
1625 2263 1673 2299 25

964 2296 1132 2338 dicatur
1159 2299 1223 2346 26,
1252 2298 1327 2339 810.
1362 2300 1489 2349 Quod
1518 2298 1554 2339 si
1583 2299 1675 2340 dies

965 2348 1166 2389 Cinerum
1203 2350 1330 2390 cadat
1366 2348 1409 2389 in
1447 2350 1672 2398 Martium,

963 2399 1067 2439 nihil
1086 2400 1331 2440 addendum
1349 2409 1428 2448 est,
1448 2400 1551 2451 quia
1574 2411 1676 2442 tunc

963 2459 1005 2490 et
1037 2450 1177 2490 littera
1212 2450 1420 2501 posterior
1454 2452 1598 2500 currit,
1632 2462 1675 2494 et

962 2500 1055 2541 dies
1083 2500 1239 2542 mensis
1274 2501 1453 2553 propriis
1489 2503 1674 2544 numeris

963 2554 1233 2611 respondent,
1254 2567 1352 2593 cum
1379 2551 1471 2592 dies
1498 2552 1675 2595 interca-

964 2603 1062 2643 lans
1110 2603 1339 2644 Februario
1385 2602 1440 2643 sit
1484 2604 1668 2646 additus.

967 2654 1058 2694 Imo
1088 2653 1168 2694 nisi
1200 2668 1274 2704 per
1304 2652 1578 2706 posteriorem
1612 2655 1677 2696 lit·
1704 2678 1709 2684 ·

965 2714 1098 2745 teram
1117 2704 1489 2755 investigarentur‚
1510 2718 1591 2745 non
1615 2706 1674 2746 in·

965 2755 1180 2795 veniretur
1205 2758 1319 2796 recte
1353 2755 1676 2805 septuagesima

965 2805 1007 2846 in
1016 2820 1128 2846 anno
1140 2806 1353 2847 Bissextili
1364 2817 1557 2863 currente
1568 2808 1603 2846 E
1665 2831 1678 2838 -

965 2857 1036 2897 ἕξει
1060 2857 1161 2897 xxiv
1179 2858 1246 2898 vel
1265 2870 1352 2897 xxv
1370 2866 1412 2895 et
1432 2856 1569 2896 littera
1634 2872 1678 2899 o-

931 2931 935 2962 i
967 2907 1150 2948 minicali
1171 2910 1213 2957 d,
1235 2921 1272 2957 c,
1293 2917 1341 2949 ut
1361 2906 1403 2947 in
1424 2909 1609 2948 secundo
1627 2923 1678 2949 ac
