2050 3392
459 220 630 289 Infra
655 222 828 277 Hebd.
856 228 1082 280 tertiam
1108 228 1455 285 Novembrelv.

1586 235 1687 303 283

204 356 388 402 Medus
411 354 634 402 successit
655 357 703 401 in
722 371 917 416 regnum
982 362 1235 416 decretum,
1249 367 1380 422 quod
1395 368 1687 416 constituerit

199 430 362 461 annos
373 425 517 461 natus
526 419 914 475 sexagintaduos
982 436 1074 475 rex,
1101 436 1199 468 non
1220 425 1358 471 liceat
1379 427 1633 475 immutati.

273 477 534 536 R7.Aspice
543 477 662 530 Dne,
677 478 801 534 quia.
811 482 912 536 278.

330 611 534 656 FERIA
555 612 784 658 SEXTA.

269 684 344 727 De
377 683 577 729 Daniele
602 685 850 743 Propheta.

245 763 414 815 Ledkio
434 766 466 814 i,
613 763 724 821 Cap.
751 763 809 809 vi.
835 778 872 809 c.

434 833 552 877 ·1R1
585 848 698 892 ergo
734 835 797 880 illi
834 850 912 881 cu-

319 906 347 927 x..
390 886 418 942 33³
469 892 637 938 riosius
678 895 912 952 inquiren-

282 974 311 1008 χ
364 959 373 967 ’
417 962 419 965 ·
471 954 539 997 tes
635 954 911 1000 invenerunt

262 1009 280 1022 ²
352 1050 371 1052 „-
470 1012 715 1058 Danielem
777 1015 914 1061 oren·

205 1080 320 1122 tem,
348 1079 395 1115 et
412 1072 738 1118 obsecrantem
757 1075 912 1120 Deum

205 1144 363 1176 suum.
432 1131 494 1176 Et
526 1134 803 1178 accedentes
846 1135 913 1179 lo-

206 1189 305 1234 cuti
328 1199 436 1235 sunt
454 1192 550 1249 regi
569 1206 708 1250 super
722 1193 908 1240 edlelo:

211 1250 313 1294 Rex
364 1252 597 1309 numquid
649 1266 746 1298 non
800 1268 911 1299 con-

207 1310 416 1362 stituisti,
457 1319 509 1356 ut
550 1314 703 1358 omnis
745 1314 903 1367 homo,

207 1371 291 1427 qui
319 1370 504 1427 rogeret
534 1386 821 1430 quemquam
850 1375 910 1419 de

210 1430 314 1480 diis,
351 1439 398 1475 et
441 1431 713 1477 hominibus
761 1447 911 1491 usque

210 1490 278 1534 ad
293 1490 390 1534 dies
406 1492 610 1549 triginta,
626 1493 712 1537 nisi
731 1502 791 1546 te,
811 1507 903 1546 rex.

210 1549 471 1595 mitteretur
512 1552 560 1595 in
603 1552 758 1597 lacum
815 1553 908 1598 leo-

207 1623 324 1654 num
340 1610 362 1654 ?
379 1611 456 1655 Ad
478 1624 599 1668 quos
617 1612 907 1670 respondens

206 1683 301 1722 rex,
329 1670 425 1716 ait:
463 1671 615 1717 Verus
649 1681 719 1718 est
754 1687 907 1719 sermo

200 1732 340 1789 Juxta
368 1731 608 1779 decretum
634 1733 900 1787 Medorum,

205 1798 351 1847 atque
364 1790 762 1851 Persarumquod
776 1807 907 1851 prae-

206 1850 401 1896 varicati
449 1864 544 1895 non
588 1852 708 1899 licet.
772 1853 908 1898 Tunc

205 1910 546 1967 respondentes
578 1911 792 1958 dixerunt
828 1927 906 1958 co-

203 1984 309 2014 ram
338 1983 482 2028 rege:
515 1971 685 2016 De'miel
708 1973 769 2016 de
802 1973 909 2018 sssiis

203 2028 495 2086 captivitatis
526 2031 666 2093 Juda.
697 2045 794 2077 non
829 2047 908 2077 cu-

202 2089 323 2134 rdvit
370 2090 432 2134 de
475 2090 578 2147 lege
628 2099 722 2144 tua,
759 2099 806 2136 et
847 2093 907 2137 de

201 2148 379 2200 edieto.
416 2150 547 2206 quod
586 2151 905 2197 constituisti:

200 2209 289 2253 sed
320 2209 470 2253 tribus
507 2210 794 2268 temporibus
825 2225 908 2269 per

199 2268 329 2313 diem
346 2276 451 2313 orat
465 2270 786 2316 obsecratione
802 2285 901 2316 sua.

199 2327 351 2382 Quod
384 2329 577 2374 verbum
613 2344 722 2375 cum
751 2330 906 2376 audis-

199 2395 273 2432 set
315 2401 410 2440 rex,
451 2389 563 2433 satis
601 2389 906 2435 contristemus

198 2456 274 2492 est
297 2462 307 2492 ε
343 2456 391 2492 et
413 2461 500 2505 pro
523 2448 720 2493 Daniele
749 2449 907 2506 posuit

196 2520 285 2552 cor
332 2515 386 2552 ut
438 2507 652 2553 liberaret
691 2522 813 2562 eum,
859 2519 906 2555 et

195 2579 353 2625 usque
404 2568 468 2612 ad
518 2567 742 2613 occdsum
795 2570 907 2615 solis

194 2626 451 2672 laborabat
473 2634 526 2671 ut
545 2626 725 2673 erueret
756 2628 899 2675 illum.

194 2685 297 2731 Viri
318 2693 483 2731 autem
505 2686 567 2731 illi
595 2687 905 2746 intelligentes

193 2759 361 2802 regem
407 2745 626 2791 dixerunt
655 2747 696 2791 ei
731 2762 742 2793 z
774 2748 904 2793 Scito

193 2818 292 2856 rex,
311 2806 427 2862 quia
440 2805 518 2849 lex
540 2806 806 2858 Medorum,
834 2816 905 2852 at-

190 2879 292 2925 que
316 2864 570 2911 Persarum
589 2872 662 2912 est
677 2873 728 2912 ut
761 2879 905 2913 omne

1015 489 1077 546 R7
1093 483 1246 541 Super
1260 499 1423 531 muros
1437 494 1559 534 tuos.
1579 492 1679 546 278.

1212 567 1376 619 Lee'tio
1396 570 1443 621 ii.

1109 630 1154 674 U
1176 632 1221 676 N
1241 633 1280 678 C
1301 648 1382 678 rex
1402 635 1642 694 praecepit
1669 651 1680 683 :

988 625 1108 792 ᾧ
1135 699 1182 735 et
1235 694 1532 740 adduxerunt
1588 697 1686 742 Da-

980 761 1007 791 n

1013 747 1027 791 i
1073 763 1162 802 em,
1189 761 1233 796 et
1256 754 1482 799 miserunt
1504 770 1613 800 eum
1638 757 1685 802 in

979 808 1133 853 lacum
1175 811 1379 858 leonum.
1457 815 1684 874 Dixitque

979 880 1058 911 rex
1100 869 1317 917 Danieli:
1371 873 1502 919 Deus
1552 884 1678 928 tuus,

978 941 1121 984 quem
1173 931 1286 975 colis
1336 946 1533 990 semper,
1581 936 1683 993 ipse

978 987 1192 1033 liberabit
1209 998 1267 1034 te.
1319 991 1599 1050 Allatusque
1611 1004 1682 1040 est

977 1045 1099 1104 lapis
1131 1062 1265 1101 unus,
1304 1057 1350 1094 et
1391 1051 1574 1108 positus
1610 1063 1681 1099 est

978 1119 1118 1163 super
1146 1121 1199 1152 os
1231 1108 1351 1153 laci:
1384 1124 1524 1167 quem
1557 1114 1682 1158 obsi-

974 1166 1136 1222 gnevit
1194 1182 1273 1212 rex
1337 1169 1515 1216 Annulo
1572 1187 1673 1226 suo,

975 1233 1021 1269 et
1042 1226 1219 1272 Annulo
1255 1229 1537 1286 optimatum
1572 1233 1679 1278 suo·

974 1299 1093 1339 rum,
1121 1301 1180 1331 ne
1206 1289 1320 1346 quid
1351 1289 1481 1335 fieret
1513 1301 1678 1337 contra

976 1346 1237 1393 Danielem.
1310 1349 1372 1393 Et
1392 1350 1507 1394 abiit
1529 1365 1607 1395 rex
1630 1352 1678 1396 in

974 1406 1170 1451 domurn
1203 1422 1351 1460 suam,
1383 1417 1430 1454 et
1452 1410 1675 1455 dorm1vit

974 1466 1262 1520 incoenatus,
1330 1469 1514 1526 cibique
1578 1484 1676 1514 non

972 1533 1083 1569 sunt
1103 1527 1229 1571 allati
1261 1541 1421 1573 coram
1443 1543 1513 1580 eo,
1550 1529 1676 1574 {nsu-

973 1598 1057 1641 ρει·
1081 1593 1128 1629 et
1160 1600 1354 1631 somnus
1393 1588 1581 1633 recessit
1612 1591 1675 1633 ab

972 1658 1046 1689 eo.
1123 1645 1260 1689 Tunc
1281 1660 1359 1690 rex
1381 1647 1536 1704 primo
1558 1646 1677 1692 dim-

972 1705 1081 1749 culo
1095 1705 1394 1763 consurgens,
1409 1707 1514 1752 fests
1518 1721 1605 1752 nus
1612 1709 1678 1754 ad

972 1764 1129 1810 lacum
1178 1765 1369 1810 leenum
1417 1766 1614 1824 perrexit
1664 1782 1675 1813 :

971 1824 1455 1883 appropinquensque
1535 1827 1672 1879 lecui,

973 1884 1219 1929 Danielem
1250 1899 1363 1930 voce
1384 1886 1674 1945 lacrymabili

970 1944 1254 1997 inclamavit,
1298 1954 1345 1990 et
1388 1946 1560 1992 affatus
1602 1957 1673 1993 est

970 2018 1111 2049 eum:
1146 2005 1314 2050 Deniel
1334 2019 1463 2052 serve
1494 2007 1582 2052 Dei
1605 2009 1672 2052 vi-

971 2063 1134 2117 ventis,
1145 2064 1274 2110 Deus
1291 2073 1409 2118 tuus.
1425 2067 1499 2111 cui
1516 2075 1566 2112 tu
1580 2082 1672 2112 ser-

972 2124 1040 2168 vis
1074 2138 1270 2182 semper,
1296 2126 1497 2184 putesne
1526 2127 1670 2173 veluit

972 2191 1017 2227 te
1039 2183 1234 2229 liberere
1253 2199 1284 2230 a
1305 2185 1515 2232 leonibus
1527 2188 1549 2231 Ρ

1025 2248 1101 2311 137,
1133 2244 1274 2289 Muro
1297 2253 1395 2291 tuo.
1425 2261 1525 2303 279.

1196 2330 1364 2382 Leetio
1384 2333 1444 2381 iii.

1119 2392 1164 2436 T
1182 2392 1350 2438 Daniel
1373 2393 1469 2450 regi
1486 2392 1679 2451 respen-

965 2398 1264 2555 ffidens
1315 2452 1380 2496 ait
1427 2465 1437 2495 τ
1484 2453 1583 2496 Rex
1629 2454 1678 2497 in

969 2523 999 2554 a
1132 2525 1213 2555 um
1236 2512 1337 2555 vive
1357 2524 1367 2556 :
1391 2511 1523 2556 Deus
1544 2525 1677 2556 meus

970 2570 1096 2615 misit
1150 2569 1388 2627 Angelum
1430 2584 1582 2623 suum,
1628 2579 1676 2616 et

968 2629 1200 2674 conclusit
1242 2642 1328 2674 ora.
1373 2629 1580 2683 leonum,
1626 2640 1675 2676 et

968 2702 1067 2733 non
1099 2687 1363 2733 nocuerunt
1388 2689 1503 2734 mihi
1531 2691 1676 2748 :quia

967 2761 1131 2792 coram
1171 2761 1231 2792 eo
1263 2748 1445 2806 justitia
1484 2750 1675 2797 inventa

967 2816 1038 2853 est
1080 2808 1129 2852 in
1164 2820 1279 2852 me:
1320 2809 1472 2854 sedet
1512 2823 1674 2856 coram

968 2876 1028 2921 te,
1057 2882 1149 2921 rex,
1175 2866 1401 2913 delie‘tum
1437 2883 1535 2915 non
1561 2871 1667 2917 feci.
