2050 3392
376 287 486 356 ’198

384 430 432 467 et
468 421 740 480 smaragdo,
770 429 818 468 et
854 421 1094 479 lapidibus

381 481 603 538 pretiosis
623 482 855 527 intextum
878 495 890 526 z
913 488 961 525 et
981 495 1093 525 cum

382 541 433 585 in
464 540 634 586 fficiem
661 541 761 597 ejus
792 540 1087 593 intendisset,

382 600 599 645 adoravit
628 613 752 651 eum,
789 597 1093 658 prosternens

382 665 790 774 selgxpggntgdniffi
795 692 846 763 te
855 717 1093 764 deinus

381 776 433 821 in
452 775 623 822 virtute
644 790 745 828 sua,
760 777 841 834 qui
859 791 944 835 per
966 785 1013 823 te
1029 777 1091 822 ad

381 836 585 880 nihilum
634 836 816 893 redegit
873 835 1093 881 inimicos

381 903 571 940 nostros
598 889 656 941 τ’
685 895 754 941 Ut
776 908 874 941 non
896 895 1092 941 deficiat

381 954 488 1000 laus
510 960 594 999 tua
624 955 688 1000 de
717 968 800 1001 ore
820 955 1085 1001 hominum.

374 1008 442 1072 50⁷.
455 1014 742 1060 Benedid’tus
752 1014 1002 1067 Dominus,
1010 1014 1093 1072 qui

381 1073 559 1120 credvit
590 1074 778 1120 coelum
812 1082 858 1120 et
891 1083 1092 1120 terram:

381 1133 497 1190 quia
519 1133 663 1179 hodie
683 1147 860 1179 nomen
874 1142 1010 1179 tuum
1028 1133 1095 1178 ita

382 1192 856 1249 magnificAvit.—Ut
869 1207 967 1238 non
980 1192 1096 1238 defi·

381 1251 491 1355 ἓίεέιί.
528 1250 703 1297 Gloria
716 1252 860 1299 Patri.
907 1252 980 1298 Ut
995 1265 1095 1298 non

417 1324 444 1356 e
482 1309 574 1357 ciat

481 1468 683 1516 FERIA
704 1470 988 1528 QUINTA.

435 1544 482 1588 Si
496 1545 612 1591 haec
624 1545 943 1594 fuerit'ultima
953 1548 1084 1594 Heb-

376 1604 591 1651 domada
634 1607 938 1664 Septembris,
993 1609 1086 1654 hac

377 1664 520 1711 nocte
546 1666 741 1724 ponitur
769 1667 887 1713 liber
913 1669 1087 1714 Esther

377 1738 487 1770 cum
516 1739 604 1771 sua
630 1726 840 1779 historia,
875 1736 929 1773 ut
964 1729 1086 1774 infra

377 1784 427 1828 in
461 1786 717 1831 Dominica
746 1788 913 1843 quinta
942 1788 1084 1845 hujus

377 1845 553 1890 mensis
572 1857 676 1893 200.
690 1853 738 1891 et
754 1847 925 1903 legitur
945 1849 1007 1891 de
1024 1862 1084 1892 eo

376 1904 522 1948 etiam
556 1904 744 1949 duobus
776 1908 1085 1962 sequentibus

376 1963 559 2008 diebus.
595 1964 738 2018 Quod
761 1964 796 2008 si
817 1966 908 2009 hoc
926 1967 1085 2011 triduo

374 2034 475 2066 non
497 2031 713 2067 occurrat
736 2024 883 2076 Feria,
911 2025 959 2069 in
987 2039 1084 2081 qua

387 2075 394 2089 ¹
444 2081 560 2126 ssint
594 2084 705 2139 poni
743 2084 1076 2141 Responsoria,

455 2149 584 2185 an'no
604 2143 900 2189 omittuntur.

375 2094 483 2257 &Si
506 2214 615 2244 vero
637 2214 735 2246 non
756 2202 892 2247 fuerit
914 2202 1084 2248 ultima

378 2259 717 2324 Hebdomada,
755 2261 975 2319 leguntur
1010 2276 1084 2309 se-

374 2327 574 2378 quentes
597 2319 864 2368 Lectiones.

522 2406 600 2454 De
618 2405 740 2454 libro
753 2406 939 2472 Judith.

434 2479 599 2528 Lectio
620 2480 649 2526 i.
748 2485 859 2543 Cap.
886 2485 963 2530 xii.
988 2499 1028 2529 c.

395 2569 400 2608 ι’
435 2560 657 2652 2-th
696 2560 886 2629 sactum·
917 2566 1002 2614 est,
1045 2559 1093 2604 in

396 2600 570 2702 ἰ
641 2627 814 2724 iffi?
838 2620 1095 2724 3:315&

396 2684 490 2767 ζ
521 2695 596 2766 ’Ᾰ
645 2750 757 2782 nam
793 2738 938 2783 servis
974 2739 1085 2789 suis,

385 2800 435 2835 et
472 2794 589 2838 dixit
630 2797 694 2840 ad
735 2797 906 2855 thao
946 2797 1094 2842 eunu-

386 2848 530 2893 chum
543 2864 699 2898 suum:
713 2856 865 2908 Vade,
883 2865 932 2902 et
944 2857 1092 2903 suade

392 2905 665 2956 Hebraeum
686 2913 814 2962 illam
838 2923 894 2962 ut
921 2924 1093 2976 sponte

594 285 762 357 Infra
789 285 965 341 Hebd.
992 290 1260 357 quartam
1288 277 1656 356 Septembm‘s.

1157 420 1423 467 consentiat
1436 418 1653 466 habitare
1666 433 1881 467 mecum.

1159 481 1374 526 Foedum
1423 487 1494 524 est
1541 480 1675 524 enim
1736 482 1876 538 apud

1156 539 1391 598 Assyrios,
1418 538 1456 583 si
1464 538 1875 585 foeminairridoet

1156 599 1322 651 virum,
1352 596 1545 656 agendo
1565 605 1620 643 ut
1640 598 1876 644 immunis

1154 659 1291 703 abeo
1307 657 1532 703 trauseat.
1564 657 1877 703 Tuncintro·

1154 716 1238 762 ivit
1272 717 1443 774 vagao
1483 717 1547 761 ad
1581 715 1773 778 Judith,
1823 725 1873 762 et

1113 783 1114 786 ’
1156 776 1306 821 dixit:
1341 775 1457 820 Non
1490 776 1708 821 vex-&tur
1739 777 1877 821 bona

1156 835 1315 894 puella
1327 834 1523 881 introire
1538 836 1603 880 ad
1616 834 1875 881 dominum

1156 908 1332 947 meum,
1406 901 1461 939 ut
1528 894 1874 941 honorificetur

1155 960 1270 999 ante
1297 953 1469 1000 faciem
1500 954 1615 1012 eJus,
1648 961 1704 999 ut
1734 969 1876 1001 man·

1157 1012 1299 1059 ducet
1312 1027 1421 1058 cum
1431 1027 1501 1065 eo,
1509 1021 1556 1059 et
1565 1014 1701 1058 bibat
1711 1014 1877 1060 vinum

1157 1072 1206 1117 in
1223 1073 1536 1131 jucunditate.
1584 1072 1675 1118 Cui
1690 1073 1873 1137 Judith

1157 1131 1433 1191 respondit:
1458 1133 1597 1187 Quae
1617 1138 1710 1192 ego
1740 1147 1867 1187 sum,

1156 1200 1209 1238 ut
1275 1191 1602 1238 contradicam
1666 1191 1874 1239 domino

1156 1252 1294 1299 meo?

1210 1313 1281 1374 R7.
1314 1310 1523 1358 Adonai.
1546 1324 1644 1370 192.

1209 1407 1375 1453 Lec‘tio
1396 1408 1441 1452 ii.
1562 1404 1678 1463 Cap.
1706 1404 1803 1449 xiii.

1299 1489 1347 1534 T
1365 1495 1527 1534 autem
1555 1502 1663 1534 sero
1684 1487 1871 1534 sactum

1330 1556 1416 1601 est,
1522 1547 1872 1594 festinaverunt

1157 1619 1277 1652 servi
1297 1607 1421 1653 illius
1441 1609 1505 1653 ad
1526 1607 1741 1665 hospitia
1762 1621 1866 1661 sua,

1158 1673 1205 1712 et
1245 1665 1475 1715 conclusit
1516 1666 1691 1726 VAgao
1743 1666 1871 1715 ostia

1157 1726 1374 1780 cubiculi,
1388 1735 1436 1773 et
1448 1728 1581 1773 abiit.
1617 1727 1771 1773 Erant
1783 1741 1873 1773 au·

1158 1794 1257 1831 tem
1276 1800 1444 1832 omnes
1465 1786 1650 1845 fatigati
1671 1801 1703 1833 a
1735 1787 1869 1832 vino:

1158 1845 1538 1909 eratqueJudith
1570 1847 1675 1892 sola
1705 1847 1757 1891 in
1788 1860 1873 1892 cu-

1158 1904 1332 1951 biculo.
1391 1906 1536 1951 Porro
1579 1906 1872 1952 Holofernae

1155 1964 1345 2022 iacebat
1410 1965 1458 2010 in
1516 1965 1657 2017 lecto,
1718 1966 1872 2011 nimia

1148 2024 1384 2069 'ebrietate
1393 2023 1592 2082 sopitus.
1635 2025 1870 2082 Dixitque

1150 2083 1323 2146 Judith
1341 2084 1527 2142 puellae
1547 2097 1664 2129 suae
1689 2092 1745 2129 ut
1774 2092 1872 2130 sta-

1157 2150 1227 2188 ret
1249 2142 1360 2188 foris
1380 2150 1492 2189 ante
1512 2142 1797 2195 cubiculum,
1822 2151 1872 2189 et

1158 2202 1438 2249 observaret.
1506 2202 1747 2260 Stetitque
1780 2202 1874 2265 Ju-

1156 2262 1262 2307 dith
1317 2270 1429 2307 ante
1484 2261 1677 2316 led'tum,
1725 2276 1872 2308 orans

1157 2335 1267 2367 cum
1294 2322 1524 2379 idcrymis,
1555 2329 1604 2367 et
1630 2321 1872 2369 labiorum

1157 2387 1293 2427 motu
1329 2380 1377 2426 in
1410 2380 1610 2433 silentio,
1654 2382 1819 2426 dicens
1859 2396 1871 2427 :

1159 2440 1407 2487 Confirma
1422 2454 1499 2485 me
1512 2440 1725 2486 deine
1734 2441 1872 2486 Deus

1161 2500 1319 2553 Israel,
1344 2507 1392 2545 et
1411 2499 1592 2558 respice
1608 2500 1657 2545 in
1675 2500 1766 2545 hac
1781 2500 1869 2545 ho-

1156 2573 1210 2604 ra
1230 2561 1294 2605 ad
1314 2560 1459 2618 opera
1478 2559 1710 2605 manuum
1739 2560 1870 2606 meai-

1157 2633 1276 2670 rum,
1312 2625 1380 2671 ut,
1415 2618 1537 2663 sicut
1579 2618 1863 2676 promisisti,

1150 2677 1415 2740 Jerusalem
1451 2677 1695 2723 civitatem
1733 2687 1870 2724 tuam

1157 2738 1344 2795 erigas:
1377 2743 1426 2783 et
1460 2736 1555 2782 hoc
1592 2738 1729 2795 quod
1769 2751 1872 2783 cr&

1157 2797 1276 2842 dens
1290 2810 1377 2856 per
1397 2803 1444 2843 te
1459 2809 1602 2854 posse
1610 2797 1724 2843 fleri
1735 2797 1870 2856 cogi·

1157 2856 1264 2910 nivi,
1291 2856 1549 2916 perficiam.
1653 2876 1660 2881 ·

1213 2923 1286 2981 R7.
1314 2914 1684 2964 Tribulatidnes.
1713 2930 1813 2976 193.
