2050 3392
213 261 331 323 Die
345 265 423 318 18
433 267 585 337 Sept.
589 309 605 337 ,
624 270 685 324 S.
703 271 947 344 'Josephi
960 295 995 331 a
1019 280 1070 333 C
1065 284 1339 352 albertino,
1352 287 1516 359 Confi
1553 306 1657 360 403

173 393 243 438 ad
275 396 512 444 cer-tomen
541 400 776 460 properat,
807 421 887 453 ve-

172 454 403 501 stimenta
435 459 641 518 abjiciat,
686 477 747 509 ne
780 479 886 512 suc-

172 511 387 559 ct'lmbat.

235 571 310 618 Te
332 575 486 621 Deum
516 578 779 630 lauddmus.
810 600 880 642 17.

251 655 477 715 Hymnus
500 661 567 709 ad
589 662 792 712 Laudes.

319 735 464 791 ESU,
493 739 671 788 corona
695 744 872 797 celsior,

348 796 410 841 Et
428 798 598 845 veritas
614 804 871 857 sublimior,

172 851 270 906 Qui
292 855 533 903 confitenti
554 860 738 908 servulo

173 911 355 958 Reddis
371 917 574 971 pere'nne
588 923 849 977 praemium
865 940 875 969 :

227 972 309 1017 Da
330 977 612 1032 supplicanti
635 983 801 1035 coetui,

169 1029 332 1088 Hujus
353 1037 538 1092 rogatu,
565 1039 690 1085 noxii

168 1091 514 1143 Remissionem
536 1099 756 1154 criminis,

166 1150 459 1210 Rumpendo
485 1169 658 1202 nexum
685 1160 868 1207 vinculi.

219 1206 352 1256 Anni
374 1216 558 1261 reverso
585 1217 795 1276 tompore

161 1268 282 1314 Dies
303 1272 482 1318 resdlsit
504 1275 691 1330 himine,

160 1328 277 1383 Quo
318 1330 522 1379 Sanotus
563 1335 639 1381 hic
674 1339 734 1383 de
772 1340 873 1386 cor-

254 1402 368 1445 pore

159 1447 338 1493 Christi
360 1452 534 1510 recepit
556 1454 807 1513 Stigmata.

220 1501 321 1552 Hic
343 1523 466 1556 vana
487 1520 635 1560 terrae
654 1517 843 1573 gaiudia,

159 1566 228 1610 Et
251 1565 487 1616 luculenta
506 1576 714 1630 praedia,

159 1625 351 1672 Polluta
372 1631 513 1675 sorde
533 1633 778 1690 deputans,

156 1684 323 1732 Ovans
345 1695 475 1735 tenet
495 1693 727 1741 coelestia„

212 1741 293 1790 Te
323 1748 509 1795 Christe
534 1752 633 1797 Rex
660 1754 869 1811 piissime

157 1804 260 1849 Hie
281 1808 553 1855 confitendo
570 1812 753 1871 jugiter,

156 1864 374 1912 Calca‘wit
396 1877 519 1915 artes
540 1872 840 1926 daemonum.

154 1923 460 1985 §aevumque
487 1931 661 1976 Averni
696 1934 863 1991 princi-

283 2000 371 2032 em.

167 2099 172 2103 ᾗ
261 2045 403 2092 irtute
424 2048 644 2096 clarus-et
667 2052 772 2105 fide,

154 2102 469 2151 Confessione
490 2108 693 2163 sedulus,

149 2162 323 2268 hejt'ma
343 2168 558 2213 membra
579 2169 791 2217 deferens

199 2236 231 2268 a
267 2238 317 2270 es
339 2226 570 2283 supernas
590 2229 785 2276 obtinet.

251 2283 423 2329 roinde
446 2294 493 2331 te
517 2287 737 2344 piissime,

149 2342 407 2389 Precz'tmur
428 2359 593 2391 omnes
612 2347 847 2406 supplices

148 2402 306 2448 Nobis
326 2407 381 2448 ut
405 2404 545 2461 hujus
564 2406 719 2463 greitia

145 2461 335 2507 Poenas
356 2464 572 2509 remittas
592 2466 787 2512 debitas.

201 2516 337 2567 Patri
360 2522 582 2579 perennis
601 2525 763 2581 gloria,

145 2579 379 2639 Natoque
405 2582 555 2627 Patris
576 2582 730 2637 unico,

141 2638 427 2698 Sanotoque
446 2641 506 2686 sit
530 2642 772 2696 Pardclito,

141 2697 235 2745 Per
278 2714 427 2745 omne
472 2714 656 2760 semper
696 2718 857 2751 saecu-

230 2759 349 2805 lum.
418 2759 589 2807 Arnen.

193 2831 251 2877 In
293 2831 523 2878 secundis
563 2831 784 2892 Vesperis
825 2849 856 2882 a

131 2891 364 2948 Capitulo
395 2893 447 2937 fit
478 2893 540 2938 de
567 2894 616 2939 S.
635 2896 853 2958 Josepho

947 421 977 451 a
1016 409 1277 467 Cupertino
1302 426 1409 459 cum
1437 416 1657 462 Comme-

947 472 1213 517 moratione
1230 473 1312 519 SS.
1334 474 1638 533 Stigmatum.

963 631 1082 676 DIE
1103 632 1288 680 XVIII.
1308 637 1632 691 SEPTEMB.

947 703 1001 747 In
1036 704 1157 750 festo
1192 706 1237 752 S.
1259 707 1460 770 Josephi
1495 726 1525 758 a
1557 713 1653 760 Cu-

994 766 1416 820 pertino,Confess.
1442 772 1647 829 Duplex.

1001 839 1180 885 Omnia
1188 843 1247 887 de
1258 844 1512 891 Communi
1523 848 1652 895 Con-

941 896 1129 943 sessoris
1148 914 1243 946 non
1262 903 1430 949 Pontis.
1448 909 1618 961 lxxxiii,

941 968 1129 1013 praeter
1149 974 1206 1004 ea
1223 975 1346 1017 quae
1367 975 1643 1023 sequuntur.

1079 1047 1135 1082 ΙΝ
1170 1048 1202 1085 1.
1242 1049 1501 1090 VESPERIS.

999 1110 1077 1155 Ad
1117 1111 1316 1171 Magnis.
1348 1117 1475 1187 Ἀῆει.
1511 1121 1643 1169 Mor-

941 1177 1047 1216 tuus
1080 1185 1200 1227 sum‚
1238 1183 1284 1221 et
1315 1186 1411 1224 v1ta
1439 1194 1545 1227 mea
1571 1191 1642 1229 est

938 1231 1221 1333 &scondita
1240 1249 1349 1282 cum
1371 1238 1561 1287 Christo
1591 1243 1641 1287 in

986 1304 1058 1337 eo.

1193 1368 1373 1418 Oratio,

938 1435 1218 1605 DEUS
1239 1448 1317 1505 qui
1340 1451 1404 1495 ad
1428 1452 1641 1509 unigeni-

1115 1512 1216 1550 tum
1277 1508 1447 1554 Filium
1504 1519 1640 1557 tuum

934 1573 1021 1605 exa
1042 1560 1194 1608 tatum
1242 1580 1273 1611 a
1312 1575 1437 1613 terra
1475 1570 1640 1616 omnia

934 1619 1117 1666 trahere
1134 1624 1406 1681 disposuisti
1431 1642 1440 1672 :
1466 1629 1638 1684 perfice

934 1680 1182 1736 propitius,
1237 1692 1287 1730 ut
1340 1686 1530 1739 meritis.
1588 1698 1637 1735 et

933 1738 1151 1796 exemplo
1173 1742 1413 1801 Serdphici
1437 1747 1638 1793 Confes-

933 1797 1051 1843 son's
1073 1800 1141 1844 tui
1154 1801 1355 1862 Josephi
1376 1818 1520 1862 supra
1546 1814 1637 1853 ter-

931 1857 1068 1902 renas
1123 1873 1291 1905 omnes
1353 1866 1638 1922 cupiditates

930 1916 1099 1962 elevati
1140 1920 1205 1964 ad
1245 1935 1354 1967 eum
1394 1927 1635 1981 pervenire

931 1977 1197 2023 meredmur
1228 1994 1239 2026 z
1271 1981 1366 2037 Qui
1391 1992 1548 2030 tecum
1570 1987 1635 2031 vi-

931 2037 995 2081 vit
1012 2045 1059 2082 et
1075 2051 1124 2084 re
1192 2048 1256 2087 at.

993 2092 1112 2140 Dein
1152 2108 1179 2142 e
1214 2095 1267 2142 fit
1309 2097 1629 2155 Commemor.

930 2150 1012 2201 SS.
1021 2155 1550 2227 stigmatum,Afia.Hic
1564 2167 1635 2211 vir

928 2214 1195 2273 despiciens
1216 2221 1449 2266 mundum
1469 2232 1517 2269 et
1542 2233 1633 2270 ter-

927 2274 1054 2328 rena,
1103 2278 1412 2337 triomphans,
1444 2284 1634 2329 divitias

926 2335 1061 2380 coelo
1082 2337 1297 2384 condidit
1319 2354 1414 2393 ore,
1434 2356 1594 2387 manu.

955 2387 1017 2448 Υ.
1052 2395 1275 2452 ὃίςηέεῑί,
1304 2399 1425 2451 Di'ie,
1445 2414 1631 2446 servum

924 2458 1059 2497 tuum
1082 2455 1120 2497 F
1122 2457 1402 2503 ranciscum.
1453 2459 1525 2513 Εἴ.
1559 2461 1632 2505 Si-

901 2569 902 2572 *
922 2512 1029 2568 gnis
1048 2515 1391 2572 redemptionis
1422 2524 1623 2565 nostrae.

983 2567 1166 2615 Oratio,
1191 2574 1403 2630 Domine
1413 2576 1546 2639 Jesu,
1580 2586 1634 2624 ut

922 2639 1080 2685 supra.
1099 2634 1200 2689 398.

1015 2704 1073 2750 111
1094 2706 1250 2762 primo
1270 2706 1535 2758 Noo'turno.

921 2782 996 2827 De
1017 2782 1240 2841 Ep1stola
1260 2785 1471 2833 secunda
1499 2789 1627 2838 beati

977 2842 1118 2949 5]ξὲὲί
1135 2844 1353 2903 Apostoli
1375 2848 1440 2893 ad
1455 2848 1627 2953 Corin-
