2050 3392
538 240 845 296 Domim‘ca
872 244 953 297 ad
980 244 1260 318 Vesperas.

251 377 557 438 Capitulum.
646 398 674 429 2
701 385 807 431 Cor.
833 386 862 432 i.

223 494 224 497 ,
266 459 357 514 ³1„
386 454 931 503 ENEDICTUS

225 530 226 539 κ
298 509 369 568 ,ἐῗί
426 534 440 567 ,fi
486 514 635 566 Deus,
688 524 736 560 et
791 516 932 562 Pater

229 618 230 627 χ
361 612 362 615 ,
437 572 438 607 ἰ
485 572 932 638 Βόῐηίηἰηοεῐτί]ε-

229 629 343 669 Lm)
368 635 381 638 ²
420 640 437 653 ·’
485 645 543 677 su
566 632 760 687 Christi,
788 635 927 680 Pater

215 687 662 743 misericordiarum,
710 701 757 738 et
799 693 931 741 Deus

216 747 368 792 totius
418 750 759 797 consolatidnis
780 787 791 805 ‚
848 756 929 811 qui

211 807 492 853 consolatur
513 823 601 853 nos
622 811 671 855 in
692 813 822 858 omni
852 815 930 859 tri-

209 865 463 913 bulatidne
482 876 661 916 nostra.

441 940 681 1000 Hymnus,

364 1014 525 1062 UCIS
536 1016 736 1064 Creator
748 1019 929 1077 &ptime

396 1074 580 1121 Lucem
612 1078 797 1125 dierum
817 1080 929 1138 prd-

306 1132 479 1186 serens,

213 1191 501 1239 Primdrdiis
521 1195 638 1241 lueis
658 1210 826 1250 novae,

212 1252 398 1298 Mundi
419 1267 594 1310 parans
616 1255 862 1312 originem.

269 1311 374 1364 Qui
416 1326 558 1381 ruane
593 1314 816 1373 junctum
852 1317 928 1365 ve·

305 1384 430 1429 speri

209 1428 360 1474 Diem
384 1430 539 1477 vocari
563 1433 811 1493 praecipis,

209 1488 434 1535 Illabitur
454 1499 630 1537 tetrum
651 1494 810 1547 chaos,

204 1548 340 1593 Audi
361 1563 527 1607 preces
550 1565 660 1596 cum
681 1552 882 1600 fletibus.

255 1605 336 1653 Ne
348 1622 485 1655 mens
497 1610 698 1668 gravata
710 1612 918 1666 crimine,

203 1665 352 1714 Vitae
373 1669 435 1715 sit
457 1670 566 1716 exul
589 1669 795 1725 munere,

203 1725 342 1772 Dum
364 1729 430 1772 nil
452 1729 662 1788 perenne
684 1731 876 1789 edgitat,

199 1785 419 1845 Saeeque
440 1790 592 1847 culpis
615 1790 777 1848 illigat.

261 1844 490 1893 s‘oeleste
510 1850 668 1906 pulset
689 1851 864 1896 <istium
888 1866 899 1899 z

197 1904 363 1951 Vitale
387 1908 523 1952 tollat
544 1911 809 1966 praemium
833 1926 844 1957 :

196 1963 424 2012 Vitemus
445 1980 592 2013 omne
613 1969 810 2015 ndxium
833 1985 843 2016 ε

199 2022 471 2081 Purgemus
484 2039 629 2072 omne
638 2029 911 2086 pessimum.

265 2082 473 2136 Praesta,
504 2085 647 2130 Pater
667 2087 890 2145 piissime,

198 2140 427 2200 Patrique
448 2157 651 2200 compar
675 2147 843 2200 Unice,

196 2199 323 2246 Cum
344 2202 528 2260 Spiritu
554 2203 804 2258 Paraclito,

196 2258 428 2317 Regnans
458 2275 548 2319 per
577 2275 723 2308 omne
754 2278 916 2311 saecu-

283 2320 399 2365 lum.
468 2321 644 2366 Amen.

139 2420 140 2431 ,
252 2375 299 2432 X'
371 2378 638 2436 Dirigatur‚
687 2380 907 2436 deine,

193 2435 345 2482 oratio
377 2450 505 2482 mea.
554 2437 631 2492 Rj'.
680 2439 812 2485 Sicut
846 2442 913 2486 in-

193 2494 387 2542 censum
409 2497 464 2542 in
488 2495 757 2556 conspectu
779 2506 875 2547 tuo.

251 2556 535 2601 Praediclus
557 2556 784 2613 Hymnus
803 2569 908 2601 cum

189 2628 272 2659 suo
294 2617 454 2661 Versu
489 2616 671 2659 dicitur
692 2629 722 2658 a
745 2616 908 2660 Domi-

188 2676 290 2719 nica
345 2677 492 2721 tertia
547 2682 660 2731 post
717 2674 901 2720 Pentec.

186 2748 333 2793 usque
353 2737 418 2780 ad
432 2736 731 2779 Adventum.
751 2733 900 2791 Capit.

187 2807 290 2839 vero
313 2794 628 2853 praedictum
665 2793 835 2838 dicitur
861 2796 905 2839 in

185 2854 361 2899 eisdem
393 2852 686 2897 Dominicis,
727 2852 908 2899 Dicitur

133 2988 258 3000 -——.

294 3006 427 3052 Pars
451 3008 500 3052 A
507 3012 797 3060 utumnalzs.

1612 265 1707 345 133

987 369 1130 410 etiam
1164 381 1212 410 in
1246 370 1392 411 feriali
1426 371 1597 412 Officio
1636 370 1697 414 ab

987 425 1174 470 octava
1208 427 1514 471 Pentecostes
1548 443 1696 485 usque

987 486 1047 528 ad
1078 486 1367 531 Adventum.
1407 488 1627 531 Similiter
1649 497 1694 532 ct

986 543 1174 589 Versus.

1046 605 1351 659 Antiphonac
1387 615 1546 648 autem
1586 621 1691 650 cum

991 663 1187 706 Psalmis
1241 678 1426 720 semper
1476 665 1695 709 dicuntur

987 730 1037 764 ut
1060 735 1214 778 supra,
1244 725 1437 779 quando
1470 723 1520 769 fit
1554 723 1689 772 Offic.

987 782 1048 826 de
1072 782 1337 828 Dominica.

1216 875 1465 920 Canticum

1020 934 1193 979 Beatae
1226 935 1406 980 Mariae
1439 936 1655 994 Virginis.

1233 1001 1346 1051 Luc.
1373 1003 1403 1052 i.
1428 1019 1466 1053 e.

1151 1083 1522 1133 AGNIFICAT
1553 1087 1580 1113 ⁴*
1600 1087 1701 1136 ani-

1181 1157 1261 1189 ma
1282 1159 1388 1190 mea
1410 1147 1696 1196 deinum:

1055 1201 1119 1246 Et
1138 1204 1364 1249 exultaVit
1385 1207 1574 1264 spititus
1603 1222 1699 1253 me·

992 1273 1050 1305 us
1065 1260 1092 1284 ⁴*
1112 1262 1158 1305 in
1183 1262 1287 1307 Deo
1308 1265 1498 1311 salutafi
1521 1281 1642 1313 meo.
1694 1291 1697 1294 *

1052 1320 1180 1375 Quia
1218 1323 1421 1381 respexit
1462 1325 1698 1373 humilita-

997 1386 1093 1423 tem
1129 1382 1325 1427 ancillae
1360 1398 1475 1428 suae
1495 1400 1505 1429 ε
1527 1383 1556 1408 ⁴*
1587 1399 1698 1431 ecce

991 1439 1117 1484 enim
1158 1454 1215 1484 ex
1256 1441 1348 1487 hoc
1387 1443 1577 1488 beatam
1619 1459 1696 1490 me

991 1498 1149 1543 dicent
1167 1513 1332 1546 omnes
1349 1504 1688 1558 generatidnes.

1048 1557 1176 1611 Quia
1215 1560 1321 1605 fecit
1362 1562 1477 1606 mihi
1519 1569 1697 1620 magna

990 1617 1072 1672 qui
1086 1625 1256 1674 potens
1269 1627 1359 1665 est:
1376 1618 1456 1665 *et
1474 1622 1692 1668 sanctum

989 1688 1165 1721 nomen
1185 1690 1301 1734 ejus.

1050 1735 1112 1780 Et
1164 1737 1484 1783 misericdrdia
1523 1740 1624 1797 ejus
1664 1755 1695 1787 a

988 1794 1216 1851 progenie
1266 1796 1313 1840 in
1367 1798 1616 1855 progenies
1666 1799 1695 1825 ⁴*

988 1853 1263 1899 timentibus
1284 1869 1408 1901 eum.

1048 1913 1176 1958 Fecit
1216 1915 1478 1972 potentiam
1510 1918 1558 1963 in
1588 1919 1692 1965 bra-

986 1970 1096 2017 chio
1114 1986 1202 2018 suo
1226 1989 1235 2019 z
1255 1972 1281 1996 *
1298 1976 1513 2034 dispersit
1529 1980 1691 2037 super-⁴

984 2032 1074 2076 bos
1095 2042 1254 2077 mente
1274 2037 1429 2081 cordis
1449 2038 1536 2083 sui.

1047 2091 1280 2150 Depdsuit
1302 2096 1520 2151 potentes
1537 2099 1598 2142 de
1619 2111 1688 2143 se-

984 2150 1058 2203 de,
1087 2150 1114 2174 *
1134 2159 1180 2196 et
1203 2153 1420 2200 exaltavit
1438 2154 1650 2202 humiles.

1044 2210 1315 2257 Esurientes
1356 2214 1564 2273 implevit
1604 2217 1688 2261 bo-

983 2271 1056 2315 nis
1091 2285 1101 2317 :
1145 2269 1172 2295 ⁴*
1212 2280 1258 2317 et
1301 2272 1467 2320 divites
1508 2275 1687 2321 dimisit

981 2329 1159 2375 inanes.

1040 2389 1255 2448 Suscepit
1299 2391 1444 2435 Israel
1484 2390 1688 2449 puerum.

977 2461 1130 2501 suum,
1159 2447 1186 2472 ⁴⁹
1207 2449 1480 2495 recordatus
1509 2452 1687 2498 miseri-

977 2507 1166 2552 cdrdiae
1197 2521 1324 2552 suae.
1680 2535 1685 2542 ·

1037 2565 1166 2610 Sicut
1189 2565 1376 2611 locutus
1405 2574 1476 2612 est
1501 2569 1565 2613 ad
1595 2584 1680 2627 pa-

977 2631 1072 2669 tres
1094 2634 1295 2676 nostros,
1318 2623 1345 2647 *
1360 2626 1615 2682 Abraham,
1633 2638 1680 2676 et

976 2682 1142 2729 semini
1165 2683 1267 2739 ejus
1288 2684 1335 2728 in
1357 2685 1557 2733 saecula.

1035 2741 1199 2789 Gloria.
1217 2742 1358 2796 Patri,
1373 2751 1420 2789 et
1436 2743 1474 2789 F
1475 2743 1568 2795 ssio,
1584 2751 1673 2790 etc.

1036 2798 1222 2843 Deinde
1254 2798 1426 2846 dicitur
1444 2800 1677 2859 Antipho-

945 2916 949 2923 ν
975 2871 1037 2903 na
1058 2868 1103 2902 et
1128 2858 1293 2903 Oratio
1316 2860 1518 2916 propria.

1533 3046 1610 3090 63
