2050 3392
484 264 796 320 Domim‘ca
809 267 1009 337 prima
1033 268 1387 339 Septembris.

179 400 367 459 praelia
388 400 575 446 debilia
594 409 760 448 nostra
790 416 902 448 con-

179 461 345 507 firmat
376 475 386 506 :
410 461 565 519 fitque
587 463 739 507 verbis
760 462 894 514 illius,

179 527 243 566 ut
281 535 341 567 eo
382 535 524 566 mens
587 522 746 567 minus
781 522 903 568 inter

190 580 455 627 certamina
519 580 742 638 trepidet,
803 591 901 640 quo

191 648 303 685 ante
319 655 371 687 se
391 641 584 699 pdsitos
605 648 677 686 tot
694 641 900 688 virerum

187 700 383 747 sdrtium
407 700 682 758 triumphos
703 701 845 747 videt.

251 757 322 814 RJ.
354 760 533 805 Induta
565 768 640 805 est
660 774 772 806 caro
793 774 901 806 mea

185 819 455 879 putredine,
482 828 531 865 et
553 819 777 865 sdrdibus
797 820 900 878 pul-

179 880 307 925 veris
350 881 475 925 cutis
518 893 629 938 mea
668 878 805 931 aruit,
853 888 898 925 et

181 939 442 986 contra6ta
471 946 544 984 est
565 954 577 984 ε
597 931 625 957 '‘
650 938 899 985 Memento

183 1000 296 1053 mei,
321 1000 445 1052 Dfie,
471 998 703 1056 queniam
730 1006 899 1044 ventus

181 1068 259 1105 est
278 1060 381 1104 vita
402 1072 526 1104 mea.
571 1049 636 1110 V.
669 1057 786 1103 Dies
807 1060 897 1103 mei

182 1119 398 1165 veldcius
419 1117 728 1168 transierunt,
752 1115 899 1175 quam'

182 1192 217 1223 a
238 1178 431 1223 texente
449 1178 545 1223 tela
562 1177 835 1230 succiditur,
850 1185 897 1222 et

180 1238 463 1295 consumpti
479 1245 592 1287 sunt
606 1238 791 1295 absque
803 1237 899 1283 ulla

181 1297 625 1356 spe.—Mement0.

429 1384 596 1435 Lectio
618 1401 660 1433 v,

330 1474 797 1529 ONNUNQUAM
821 1488 897 1519 ve·-

360 1549 415 1581 ro
436 1549 538 1581 non
569 1535 725 1580 solum
756 1535 895 1580 nobis

180 1593 353 1641 edrum
373 1595 574 1641 virtutes
594 1594 774 1648 asserit,
810 1596 895 1640 sed

178 1655 332 1702 etiam
342 1669 483 1702 casus
494 1654 748 1701 innotescit
758 1668 768 1700 :
778 1662 832 1700 ut
847 1661 894 1700 et

176 1718 232 1762 in
274 1714 479 1762 vidtdria
510 1715 719 1768 sdrtium,
763 1717 895 1773 quod

177 1776 422 1822 imitando
464 1773 683 1833 arripere,
720 1782 767 1820 et
797 1788 896 1820 rur-

175 1850 290 1882 sum
313 1834 566 1880 videAmus
594 1834 643 1879 in
662 1833 889 1892 lapsibus,

175 1897 301 1954 quid
379 1894 641 1940 debeamus
711 1893 889 1939 timere.

177 1957 313 2001 Ecce
335 1955 467 1999 enim
480 1953 580 2018 Job
615 1953 897 1999 describitur

177 2014 456 2062 tentatidne
477 2012 661 2065 auctus,
689 2014 774 2058 sed
797 2013 895 2058 Da-

174 2076 261 2120 vid
286 2072 560 2119 tentatidne
589 2073 855 2131 prostratus
884 2088 893 2118 :

173 2143 236 2180 ut
257 2142 306 2180 et
329 2133 573 2191 majdrum
591 2133 739 2179 virtus
759 2146 896 2189 spem

173 2202 400 2240 nostram
416 2192 589 2245 sdveat,
604 2200 651 2237 et
660 2192 895 2250 majdrum

173 2267 324 2300 casus
345 2255 411 2298 ad
432 2251 669 2297 cautelam
701 2265 790 2297 nos
808 2252 897 2296 hu·

175 2313 402 2359 militatis
410 2311 632 2369 accingat
641 2325 651 2356 :
661 2311 895 2369 quatenus

175 2375 301 2420 dum
336 2372 421 2418 illa
452 2370 720 2429 gaudentes
743 2370 896 2416 suble⁴

173 2441 308 2487 vant,
356 2432 451 2477 ista
490 2430 758 2476 metuentes
793 2443 895 2488 pre-

174 2500 318 2539 mant
345 2506 355 2538 :
378 2499 427 2537 et
449 2489 690 2536 audientis
710 2489 897 2534 animus

174 2553 309 2598 illinc
333 2552 437 2610 spei
460 2549 651 2600 fiducia,
678 2549 788 2593 hinc
812 2549 896 2594 hu-

172 2612 386 2658 militate
436 2609 623 2655 timbris
664 2607 891 2660 eruditus,

173 2686 267 2718 nec
317 2668 592 2716 temeritate
639 2667 891 2725 superbiat,

173 2733 296 2790 quia
342 2728 603 2775 formidine
645 2726 897 2782 premitur;

174 2805 267 2837 nec
301 2801 504 2849 pressus
536 2785 709 2832 timbre
737 2786 899 2843 despe-

172 2860 274 2903 ret:
307 2850 429 2907 quia
459 2848 527 2892 ad
547 2845 649 2903 spei
680 2843 899 2890 fiduciam

1577 268 1671 337 167

1023 405 1097 464 Ry.
1115 403 1337 450 Pducitas
1349 403 1531 450 dierum
1541 406 1672 452 med-

965 477 1069 509 rum
1091 464 1280 510 finietur
1298 465 1427 509 brevi
1455 478 1465 509 ε
1487 466 1672 511 dimitte

966 538 1056 576 me,
1098 524 1319 576 deine,
1356 532 1410 569 ut
1445 525 1671 582 plangam

965 583 1210 640 pdululum
1232 584 1448 630 dolerem
1464 585 1666 636 meumj‘

965 644 1239 701 Antequam
1279 644 1454 689 vadam
1485 646 1552 689 ad
1584 652 1672 689 ter-

966 716 1067 747 ram
1078 702 1388 756 tenebrdsam,
1397 710 1444 748 et
1453 703 1671 761 opertam

966 764 1132 807 mortis
1153 763 1368 820 caligine.
1398 762 1458 820 ΧΥ.
1492 764 1672 809 Manus

967 830 1089 875 tuae,
1119 822 1241 875 Dite,
1267 822 1476 868 fecerunt
1501 837 1591 877 me,
1620 830 1667 869 et

965 881 1318 939 plasmaverunt
1340 895 1418 927 me
1438 890 1593 928 totum
1616 883 1667 928 in

966 940 1178 993 circuitu,
1186 949 1233 986 et
1243 942 1311 987 sic
1324 942 1518 999 repente
1531 955 1668 1000 prae·

967 1000 1141 1059 cipitas
1162 1014 1240 1045 me
1253 1001 1629 1059 ?—Antequam.

1027 1084 1132 1130 Lib.
1164 1099 1201 1130 1.
1227 1084 1408 1132 Moral.
1439 1086 1551 1145 Cap.
1577 1087 1608 1132 i.

1196 1159 1363 1208 Lec‘tio
1384 1163 1440 1207 'vi.

1111 1237 1181 1281 IR
1204 1243 1306 1282 erat
1328 1237 1376 1282 in
1394 1245 1518 1283 terra
1538 1238 1661 1292 Hm,

1138 1296 1331 1343 ndmine
1344 1297 1456 1361 Job.
1482 1298 1669 1344 Idcirco

966 1352 1162 1401 sanetus
1181 1357 1252 1401 vir
1266 1358 1347 1402 ubi
1365 1357 1662 1411 habitaverit,

965 1412 1152 1468 dicitur,
1200 1424 1254 1461 ut
1304 1418 1406 1475 eJus
1445 1416 1667 1462 meritum

965 1473 1149 1521 virtutis
1199 1476 1503 1533 exprimatur.
1560 1477 1670 1521 Hus

964 1547 1174 1592 namque
1190 1537 1295 1592 quis
1316 1536 1508 1587 nesciat,
1537 1537 1669 1593 quod

962 1594 1021 1637 sit
1039 1594 1087 1638 in
1104 1602 1228 1639 terra
1242 1595 1531 1640 Gentilium?
1542 1597 1668 1640 Gen-

963 1652 1111 1700 tssitas
1157 1661 1316 1700 autem
1356 1668 1416 1700 eo
1457 1655 1670 1712 obligata

961 1712 1088 1759 vitiis
1118 1712 1285 1766 extitit,
1313 1726 1411 1770 quo
1439 1714 1670 1771 cogniti&-

961 1785 1074 1817 nem
1096 1773 1168 1818 sui
1190 1773 1452 1818 conditdris
1483 1773 1670 1830 ignora·

963 1833 1044 1885 vit.
1123 1831 1324 1878 Dicatur
1377 1831 1539 1890 itaque
1588 1832 1670 1878 ubi

962 1891 1242 1938 habitaverit
1270 1905 1282 1938 :
1323 1900 1377 1938 ut
1428 1892 1522 1938 hoe
1568 1893 1670 1952 ejus

960 1952 1185 1998 laudibus
1243 1953 1478 2010 proficiat.
1535 1954 1668 2011 quod

961 2012 1118 2059 bonus
1173 2012 1294 2058 inter
1351 2014 1504 2058 malos
1559 2014 1662 2061 suit.

963 2072 1136 2134 Neque
1145 2071 1270 2118 enim
1280 2073 1416 2118 valde
1428 2073 1668 2119 laudabile

961 2139 1046 2184 est,
1068 2133 1252 2176 bonum
1264 2146 1368 2178 esse
1383 2147 1492 2180 cum
1508 2133 1661 2186 bonis,

960 2192 1046 2238 sed
1065 2192 1247 2237 bonum
1267 2206 1370 2238 esse
1385 2207 1495 2239 cum
1510 2193 1665 2240 malis·

961 2251 1093 2297 Sicut
1115 2252 1239 2296 enim
1256 2251 1483 2310 gravidris
1499 2253 1669 2310 culpae

960 2319 1044 2364 est,
1071 2311 1193 2356 inter
1204 2312 1357 2358 bonos
1373 2313 1555 2358 bonum
1571 2325 1669 2357 non

960 2385 1063 2416 esse
1086 2383 1096 2422 ;
1118 2371 1186 2416 ita
1205 2371 1422 2417 immensi
1444 2378 1514 2416 est
1535 2385 1670 2428 prae-

960 2430 1099 2481 c6nii,
1139 2430 1321 2476 bonum
1362 2430 1508 2476 etiam
1548 2430 1671 2475 inter

962 2489 1114 2536 malos
1135 2489 1361 2536 extitisse.

1015 2543 1091 2605 Ry.
1125 2549 1241 2594 Non
1270 2548 1543 2594 abscdndas
1573 2562 1662 2601 me,

964 2609 1184 2660 Demine,
1225 2622 1256 2653 a
1288 2608 1409 2663 facie
1431 2615 1548 2653 tua:
1570 2621 1669 2654 ma-

963 2682 1079 2714 num
1095 2676 1228 2713 tuam
1244 2668 1390 2725 longe
1406 2666 1483 2712 fac
1496 2681 1527 2712 a
1542 2662 1659 2713 me?

966 2729 1029 2773 Et
1071 2726 1276 2772 formido
1319 2734 1404 2772 tua
1452 2741 1550 2773 non
1590 2741 1666 2773 me

965 2787 1152 2833 terreat.
1170 2776 1233 2834 V·
1258 2786 1456 2845 Cdrripe
1471 2788 1663 2839 me,D6-

966 2847 1106 2899 mine,
1134 2847 1184 2891 in
1213 2846 1544 2900 misericdrdia,
1572 2860 1669 2893 non

101 2892 107 3003 Ι
174 2908 373 2957 virtutis
391 2905 621 2963 exemplo
636 2902 895 2950 robomur.
969 2907 1018 2950 in
1055 2905 1212 2953 more
1247 2912 1345 2957 tuo.
1372 2920 1432 2951 ne
1457 2906 1580 2952 sorte
1606 2908 1674 2952 aa
