2050 3392
351 305 416 358 14

399 412 527 468 Quia
539 411 770 458 custodivi
787 412 886 457 vias
904 413 1050 463 Dfiist*

339 485 427 517 nec
440 471 584 529 impie
605 472 729 530 gessi
749 486 780 517 a
794 473 899 516 Deo
922 485 1045 517 meo.

400 531 641 587 Qudniam
680 532 838 578 &mnia
873 531 1051 590 ‚iudicia

340 593 443 650 ejus
473 593 521 636 in
551 591 811 649 conspectu
843 604 951 635 meo
980 605 990 636 :
1023 590 1050 613 ⁴*

339 659 387 696 et
414 652 622 709 justitias
644 653 746 710 eJus
778 664 875 695 non
897 650 1047 709 repuli

338 725 371 756 a
390 725 481 757 me.

400 772 463 816 Et
483 785 563 816 ero
586 769 917 816 immaculatus
938 783 1049 817 cum

337 843 398 876 eo
425 845 435 876 :
458 829 486 854 *
506 839 552 876 et
581 830 844 876 observabo
879 843 956 874 me
986 831 1051 876 ab

338 890 587 947 iniquitate
608 905 729 937 mea.

398 951 461 995 Et
481 949 705 996 retribuet
734 950 849 996 mihi
878 948 1047 995 1)όωί-

336 1023 426 1054 nus
493 1009 753 1056 secundum
811 1009 1043 1069 justitiam

337 1082 493 1114 meam
509 1069 558 1114 z*
574 1078 620 1115 et
635 1069 896 1115 secundum
917 1070 1043 1126 puri-

336 1127 484 1175 tatem
513 1128 741 1174 mauuum
762 1128 974 1174 mearum
997 1129 1045 1172 in

337 1189 596 1246 conspectu
616 1188 861 1234 oculdrum
883 1189 996 1245 ejus.

396 1248 522 1293 Cum
531 1249 697 1293 sancto
707 1247 898 1293 sanctus
906 1247 1008 1299 eris,
1016 1245 1044 1270 ³*

337 1315 383 1352 et
400 1320 509 1352 cum
526 1309 624 1352 viro
642 1306 890 1353 innocente
911 1305 1045 1352 inno-

336 1380 448 1412 cens
469 1368 557 1412 eris
585 1381 594 1411 2

396 1426 460 1471 Et
515 1440 625 1471 cum
677 1425 829 1470 electo
869 1424 1046 1470 electus

335 1487 426 1531 eris
447 1484 498 1531 z*
512 1494 684 1530 etcum
704 1484 923 1542 perverso
943 1499 1047 1543 per·

337 1545 540 1591 verteris,

394 1603 635 1660 Qudniam
645 1611 695 1648 tu
705 1602 936 1662 pdpulum
949 1601 1046 1663 hu·-v

335 1665 446 1722 mile
459 1664 640 1710 salvum
652 1663 792 1710 facies
809 1679 818 1709 ε
833 1662 860 1687 '⁶
873 1672 920 1709 et
929 1662 1043 1710 ‹ficu-

335 1725 407 1771 los
428 1725 738 1783 superbdrum
754 1724 1037 1770 humiliabis.

395 1785 636 1841 Qudniam
658 1792 710 1830 tu
727 1783 960 1829 illuminas
976 1784 1045 1828 lu-

338 1843 526 1889 cernam
547 1858 716 1896 meam,
747 1843 954 1890 deine
981 1858 992 1889 ε
1014 1842 1042 1867 '⁶

341 1903 470 1949 Deus
501 1918 646 1957 meus,
674 1903 887 1948 illumina
916 1903 1044 1949 tene-

337 1963 446 2007 bras
468 1976 610 2008 meas.

397 2021 637 2077 Qudniam
668 2023 716 2067 in
747 2029 795 2068 te
824 2021 996 2082 eripiar
1015 2036 1047 2068 a

338 2081 646 2133 tentatidne,*
668 2090 713 2127 et
734 2083 782 2127 in
806 2082 912 2128 Deo
935 2096 1044 2128 meo

337 2141 653 2199 transgrediar
671 2155 874 2188 murum.

398 2202 529 2247 Deus
545 2215 677 2247 meus
699 2202 948 2261 impolluta
968 2201 1044 2247 via

336 2262 467 2320 ejus:
499 2260 688 2318 eldquia
714 2262 907 2307 deini
934 2262 1045 2319 igne

337 2320 607 2366 examinata
631 2335 640 2366 ε
662 2321 689 2346 ⁴*
711 2320 953 2379 protector
972 2329 1041 2366 est

337 2380 550 2427 bmnium
571 2380 862 2438 sperantium
883 2381 931 2424 in
953 2393 1016 2426 se.

397 2440 637 2496 Qudniam
654 2440 760 2497 quis
771 2440 900 2483 Deus
909 2452 1045 2497 prae-

337 2507 408 2545 ter
430 2501 592 2544 Dfium
607 2500 626 2544 ?
641 2499 668 2523 ⁴*
689 2507 771 2543 aut
789 2500 893 2556 quis
911 2499 1044 2543 Deus

336 2567 523 2618 praeter
544 2559 700 2603 Deum
722 2558 972 2603 nostrum?

397 2619 529 2663 Deus
561 2619 640 2702 qui
672 2617 929 2675 praecinxit
965 2630 1044 2662 me

337 2678 508 2723 virtute
535 2693 544 2723 :
615 2685 661 2723 et
683 2676 843 2736 pdsuit
874 2678 1043 2723 imma-

337 2737 544 2783 culatam
567 2736 690 2781 viam
713 2750 884 2782 meam.

396 2796 489 2852 Qui
522 2795 715 2853 perfecit
741 2798 886 2853 pedes
908 2808 1042 2841 meos

336 2864 584 2911 tamquam
625 2855 883 2908 cervdrum,
927 2855 954 2880 ⁴*
995 2864 1041 2901 et

335 2927 477 2973 super
495 2913 680 2959 excelsa
707 2915 920 2961 statuens
945 2929 1037 2961 me.

665 291 978 344 Dominica
1004 291 1090 344 ad
1108 291 1483 343 Alatutinum.

1172 411 1267 467 Qui
1284 412 1424 457 docet
1438 424 1610 456 manus
1624 425 1767 458 meas
1788 415 1863 459 ad

1123 472 1350 530 praelium
1376 485 1385 516 :
1409 468 1437 493 ⁴*
1457 478 1504 515 et
1537 471 1767 529 posuisti,
1804 481 1865 519 ut

1123 544 1286 576 arcum
1295 544 1496 582 aereum,
1504 530 1705 575 brachia
1715 545 1859 578 mea.

1185 591 1246 635 Et
1256 590 1428 635 dedisti
1448 590 1562 634 mihi
1578 591 1866 647 protecstid-

1124 663 1232 695 nem
1264 650 1428 695 salutis
1460 657 1572 694 tuae
1595 664 1605 694 :
1629 649 1657 674 ⁴*
1679 657 1732 695 et
1772 652 1865 698 de-

1124 718 1255 755 xtera
1275 718 1359 755 tua
1378 708 1584 767 suscepit
1606 722 1687 753 me
1711 724 1724 755 ε

1184 771 1247 814 Et
1269 769 1514 827 disciplina
1536 776 1622 814 tua
1638 770 1864 817 correxit

1124 843 1201 873 me
1217 830 1266 873 in
1282 828 1424 873 finem
1447 827 1502 874 :⁴⁵
1520 837 1565 873 et
1582 829 1864 888 disciplina

1124 897 1210 934 tua
1230 889 1334 946 ipsa
1350 902 1426 933 me
1443 887 1653 935 docebit.

1186 947 1407 993 Dilatasti
1459 961 1649 1004 gressus
1708 963 1864 997 meos

1125 1009 1291 1053 subtus
1322 1020 1399 1051 me
1426 1022 1435 1053 :
1458 1007 1485 1032 ⁴*
1516 1015 1563 1051 et
1594 1018 1699 1052 non
1735 1019 1861 1057 sunt

1125 1066 1361 1112 infirmata
1381 1066 1578 1124 vestigia
1599 1081 1716 1113 mea
1741 1083 1758 1121 A:

1188 1127 1448 1184 Persequar
1456 1124 1674 1171 inimicos
1685 1141 1854 1183 meos,

1124 1194 1171 1231 et
1193 1185 1594 1244 comprehendam
1618 1186 1732 1233 illos
1743 1189 1790 1234 2*
1808 1197 1862 1236 et

1126 1259 1220 1290 non
1243 1245 1499 1298 convertar,
1528 1246 1689 1290 donee
1731 1248 1863 1294 defl-

1124 1314 1265 1351 ciant.

1184 1363 1493 1423 Confringam
1561 1364 1682 1417 illos,
1762 1381 1861 1415 nec

1120 1424 1342 1482 pdterunt
1384 1432 1509 1469 stare
1550 1438 1561 1469 ε
1596 1423 1627 1448 ⁴*
1663 1428 1859 1474 cadent

1123 1485 1288 1529 subtus
1310 1484 1456 1542 pedes
1478 1496 1626 1529 meos.

1182 1544 1243 1588 Et
1253 1541 1550 1602 praecinxisti
1571 1556 1649 1587 me
1666 1544 1856 1592 virtute

1121 1604 1185 1648 ad
1206 1601 1430 1648 bellurnz*
1443 1609 1489 1646 et
1513 1603 1853 1660 supplantasti

1123 1663 1413 1722 insurgentes
1454 1661 1504 1707 in
1546 1674 1625 1707 me
1666 1664 1856 1713 subtus

1122 1737 1212 1768 me.
1703 1763 1708 1766 .

1179 1784 1242 1828 Et
1265 1781 1478 1828 inimicos
1499 1794 1634 1827 meos
1657 1783 1849 1832 dedisti

1119 1843 1232 1888 mihi
1265 1840 1509 1894 dorsum,*
1533 1848 1580 1887 et
1614 1843 1850 1892 odientes

1118 1916 1195 1948 me
1213 1901 1548 1962 disperdidisti.

1178 1962 1522 2013 Clamaverunt,
1580 1974 1671 2007 nec
1736 1973 1844 2011 erat

1119 2023 1199 2080 qui
1231 2022 1384 2068 salvos
1415 2020 1602 2073 faceret,
1632 2023 1701 2067 ad
1738 2024 1848 2071 Βό-

1118 2082 1297 2126 minum
1307 2081 1347 2126 ε’
1363 2095 1450 2127 nec
1470 2080 1716 2127 exaudivit
1734 2096 1840 2131 eos·

1179 2141 1241 2185 Et
1282 2140 1605 2186 comminuam
1640 2154 1745 2194 eos.
1785 2151 1843 2189 ut

1117 2200 1354 2259 pulverem
1376 2207 1487 2245 ante
1516 2199 1690 2245 faciem
1725 2215 1846 2247 ven-

1119 2261 1152 2306 ti
1182 2275 1192 2306 :
1215 2260 1243 2285 ⁴*
1283 2266 1337 2305 ut
1369 2260 1519 2304 lutum
1560 2258 1843 2317 plateArum

1119 2320 1287 2365 delebo
1308 2332 1404 2364 eos.

1177 2379 1361 2437 Eripies
1390 2391 1466 2423 me
1496 2378 1557 2423 de
1587 2381 1843 2426 contradi-

1117 2438 1353 2485 &mnibus
1373 2436 1537 2495 pdpuli
1567 2451 1577 2482 ε
1602 2437 1631 2463 ⁴*
1652 2440 1842 2486 consti·

1120 2506 1223 2544 tues
1245 2512 1321 2543 me
1341 2498 1389 2542 in
1410 2503 1552 2555 caput
1567 2496 1833 2545 Gentium.

1178 2558 1401 2616 Pdpulus,
1436 2568 1579 2613 quem
1614 2568 1717 2603 non
1755 2572 1840 2604 co-

1115 2617 1273 2675 gndvi,
1287 2616 1468 2662 servivit
1486 2615 1653 2661 mihiz*
1676 2617 1729 2662 in
1752 2631 1840 2663 au·

1115 2677 1220 2723 ditu
1241 2678 1363 2722 auris
1384 2673 1596 2721 obedivit
1611 2676 1759 2723 mihi.

1178 2737 1278 2781 Filii
1315 2736 1451 2781 alieni
1493 2735 1682 2781 mentiti
1719 2743 1835 2783 sunt

1119 2797 1247 2849 mihi,
1264 2795 1290 2819 ὓ
1311 2795 1393 2841 fssii
1414 2794 1554 2840 alieni
1576 2795 1831 2843 inveterati

1117 2864 1239 2908 sunt,
1280 2862 1331 2902 et
1370 2853 1760 2902 claudicaverunt
1800 2868 1835 2901 a

1116 2915 1297 2962 semitis
1317 2914 1429 2961 suiS.
