2050 3392
850 328 1338 413 {Oettsstume

367 493 386 501 ‘
458 533 514 554 m
543 493 577 543 '³³1
597 490 642 538 T
662 485 839 549 ubique
860 491 1091 544 locorum,
1110 491 1274 550 quoad
1293 489 1392 536 fieri
1408 497 1584 548 potest,
1605 492 1673 536 ab
1688 492 1832 537 omni-
1868 469 1872 502 ⁸

385 553 396 575 ³
618 551 710 596 bus
729 550 986 600 Sodalibus
1006 549 1262 596 societatis
1310 562 1395 596 esu
1416 549 1726 596 uniformitas
1744 565 1831 597 ser-
1869 561 1872 582 ¹

366 648 368 663 s
381 644 395 667 ,
446 633 509 670 ῃ,
610 613 753 655 νεῖαι·
770 617 875 655 tum
895 610 945 655 in
965 609 1243 655 recitatione
1322 610 1431 655 ivini
1449 609 1637 661 Officii,
1667 619 1766 655 tum
1787 612 1828 655 in

366 702 380 706 „
411 705 418 706 ff
543 677 576 704 ᾳ·
616 670 933 716 celebratione
948 669 1256 720 ,Sacrosandti
1281 669 1461 715 Missae
1482 670 1725 722 Sacrfficii.
1748 671 1830 716 Re-

351 728 713 774 verendissimus
751 729 804 776 P.
832 729 1002 775 Petrus
1042 729 1201 774 Beckx
1244 729 1552 787 Praepositus
1589 730 1830 776 Generalis
1871 775 1872 784 ,

348 789 495 847 ipsius
514 789 768 838 Societatis
788 797 1114 849 opportunum
1132 790 1266 834 duxit
1290 789 1645 835 Kalendarium
1668 790 1830 849 Perpe-
1871 821 1873 850 ,

349 855 485 893 tuum
508 856 771 907 umquam
801 850 1051 907 proprium
1083 861 1171 906 pro
1204 848 1426 895 universa
1452 848 1696 895 Societate
1717 850 1829 912 Jesu
1871 853 1874 870 ’

345 921 540 954 exarare
550 909 690 968 Juxta
703 909 922 954 ordinem
937 916 985 955 et
1001 908 1235 953 Rubricas
1254 908 1478 954 Breviarii
1497 909 1709 956 Romani
1726 923 1827 956 cum
1869 911 1872 964 ἱ

347 969 573 1020 omnibus
591 969 787 1020 indultis
807 982 839 1014 a
857 967 1038 1026 Sancta
1055 968 1184 1028 ‘Sede
1203 968 1323 1014 alias
1343 969 1588 1020 concessis
1601 977 1652 1016 et
1666 970 1829 1015 confir·

347 1029 500 1081 matis,
516 1028 730 1088 illudque
739 1028 1052 1074 Sanctissimo
1066 1027 1280 1073 Domino
1289 1036 1457 1074 nostro
1469 1028 1557 1074 Pio
1568 1027 1732 1087 Papae
1743 1029 1822 1074 IX.
1869 1009 1873 1100 ί

346 1088 590 1142 exhibere,
617 1089 916 1147 supplicibus
930 1087 1057 1142 ¹votis
1073 1087 1140 1132 ab
1162 1088 1237 1140 Eo
1257 1088 1514 1145 postulans
1532 1096 1587 1135 ut
1610 1101 1828 1147 suprema

345 1147 626 1205 Apostolica
651 1147 953 1194 Auctoritate
973 1161 1063 1193 sua
1085 1147 1437 1192 Kalendarium
1465 1148 1625 1205 ipsum
1658 1162 1826 1207 appro-
1867 1133 1870 1184 f

345 1207 459 1251 bare
480 1208 770 1265 dignaretur.
789 1207 929 1263 Quae
949 1206 1146 1266 quidem
1167 1214 1279 1252 vota
1298 1220 1450 1265 quum
1471 1207 1716 1253 Sanctitas
1736 1209 1826 1254 Sua

343 1265 605 1312 clementer
620 1267 904 1324 excipienda
930 1267 1137 1318 duxerit.
1164 1266 1397 1312 referente
1425 1281 1507 1312 me
1527 1267 1824 1325 infrascripto
1866 1255 1870 1296 Ῑ

342 1324 599 1371 Sacrorum
639 1326 837 1372 Rituum
874 1325 1278 1385 Congregationis
1314 1326 1583 1373 Secretario
1599 1362 1610 1379 ,
1652 1327 1825 1373 Kalen·
1867 1365 1870 1376 .

343 1384 529 1430 darium
558 1386 715 1444 ipsum
739 1387 842 1445 jam
863 1386 926 1431 ab
947 1386 1122 1431 eadem
1153 1385 1300 1431 Sacra
1331 1386 1533 1431 Rituum
1557 1386 1823 1446 Congrega-
1867 1417 1868 1428 ,

343 1444 494 1498 tione,
529 1445 766 1504 exquisito
805 1445 948 1502 etiam
985 1452 1103 1504 voto
1116 1446 1321 1502 calterius
1352 1459 1412 1492 ex
1441 1446 1820 1504 Apostolicarum
1865 1459 1868 1478 ¹

343 1504 766 1575 Coeretnoniarum
788 1504 1057 1574 Magistris,
1083 1503 1337 1574 diligenter
1355 1513 1676 1576 accurateque
1690 1508 1819 1565 Juxta
1865 1521 1870 1586 Ι

342 1564 1817 1684 ffissgssssiaffffiffisscvssffpssssessiffl{ssssfflviss‘sst&3353ss
1863 1625 1866 1638 ·

340 1685 567 1732 Societati
581 1686 701 1749 Jesu
723 1684 972 1731 concessit.
994 1684 1259 1731 Contrariis
1278 1698 1379 1730 non
1400 1685 1704 1732 obstantibus
1721 1684 1818 1745 qui·
1867 1691 1870 1719 ¹

337 1744 651 1804 buscumque.
678 1746 770 1791 Die
790 1745 968 1807 5⁸Julii
991 1745 1121 1803 1855.

456 1817 513 1864 C.
534 1819 758 1877 Episcop.
777 1818 1011 1864 Albanen.
1035 1817 1179 1863 Card.
1203 1817 1422 1862 PATR1z1
1447 1817 1496 1864 S.
1521 1818 1582 1865 R.
1598 1819 1654 1866 C.
1671 1817 1813 1865 Praei.
1863 1812 1868 1829 ⁴

338 1888 394 1935 L.
420 1889 458 1944 ψ
478 1891 526 1935 s,
773 1891 837 1936 H.
870 1888 1113 1936 CAPALT1
1134 1890 1182 1935 s,
1211 1889 1269 1936 R.
1297 1888 1353 1936 c.
1381 1891 1692 1937 Secretafius.
1860 1874 1864 1901 ¹

396 1961 672 2008 Concordat
699 1976 810 2008 cum
846 1962 1077 2020 originali,
1118 1963 1253 2020 quod
1288 1962 1337 2007 in
1373 1963 1604 2010 Archivio
1638 1964 1817 2010 Domus
1861 2000 1864 2009 .

340 2027 532 2068 nostrae
556 2022 681 2068 Prof.
711 2023 961 2068 Romanae
981 2030 1260 2072 asservatur.

457 2081 643 2128 Romae
667 2082 744 2127 die
768 2089 819 2127 1⁸
840 2081 1127 2127 Novembris
1145 2094 1277 2127 anno
1300 2081 1498 2128 Domini
1519 2085 1651 2142 1855.

691 2154 858 2200 Petrus
878 2153 1080 2206 ΒΕΟΚΧ,
1110 2153 1277 2211 Praep.
1299 2152 1421 2199 Gen.
1438 2153 1549 2200 Soc.
1575 2155 1702 2215 Jesu,

748 2227 1083 2272 Bonaventura
1099 2225 1338 2272 ΒΕΝΕΤΤῙ
1354 2240 1385 2271 a
1399 2225 1619 2273 Secretis.

1871 651 1873 680 l

689 2523 901 2582 Imprimi
922 2530 1129 2582 possunt
1183 2536 1186 2541 ·
1399 2534 1404 2541 ·
1457 2524 1476 2553 ¹

394 2599 559 2658 Officia
569 2600 774 2659 propria
795 2599 1049 2646 Societatis
1069 2596 1191 2659 Jesu
1207 2599 1591 2658 juxtapetitum.

565 2675 797 2730 Tornaci,
825 2687 884 2735 25
907 2675 1027 2722 Maii
1053 2677 1179 2734 1878.
1223 2710 1224 2717 ,

744 2754 796 2807 -1-
821 2745 1135 2803 &umanum
1154 2747 1281 2806 31⁶3.
1309 2752 1445 2809 Epus
1468 2752 1742 2800 Tornacen.
