2050 3392
337 261 401 312 72

390 375 708 432 Suscepimus,
730 374 873 422 Deus.
901 372 1038 415 mise-

331 436 582 482 ricerdiam
606 431 787 485 tuam,*
808 433 856 476 in
877 431 1037 476 medio

334 495 495 552 templi
519 494 600 539 tui.

392 552 664 599 Secundum
685 563 859 596 nomen
881 558 1030 601 tuum,

333 615 477 665 Deus.
498 614 565 659 sic
581 621 627 657 et
644 612 747 656 laus
763 618 845 655 tua
860 610 908 653 in
920 609 1038 654 fines

333 681 483 719 terrae
511 687 522 717 :
545 670 571 695 ⁴*
598 671 783 728 Justitia
805 669 947 727 plena
966 676 1038 713 est

333 733 528 778 dextera
549 739 646 775 tua.

395 790 619 835 Laetetur
657 801 796 833 mons
838 788 966 838 Sion,
993 794 1042 832 et

333 848 543 895 exultent
559 848 685 893 filiae
717 847 1042 911 Judae,*pro-

333 916 440 966 pter
457 907 636 966 judicia
656 916 750 959 tua.
780 906 1001 952 D6mine.

394 966 699 1013 circumdate
713 967 841 1017 Sion,
850 974 898 1010 et
914 978 1044 1010 com-

335 1026 593 1085 plee'timini
622 1039 729 1071 eam
756 1041 767 1071 ε
797 1023 825 1049 ⁴*
856 1024 1043 1070 narrate

335 1087 385 1132 in
408 1086 612 1131 turribus
634 1087 749 1143 ejus.

399 1146 566 1191 Penite
573 1146 721 1190 corda
728 1151 882 1189 vestra
895 1144 944 1187 in
955 1143 1044 1187 vir-

337 1204 439 1251 t1'1te
469 1205 569 1262 ejus
597 1220 608 1250 z
640 1202 668 1227 ⁴*
698 1212 746 1249 et
777 1201 1043 1248 distribuite

336 1265 509 1309 domos
530 1265 644 1322 ejus,
675 1271 727 1307 ut
749 1262 974 1306 enarretis
994 1262 1043 1304 in

336 1324 563 1380 progenie
584 1322 745 1367 altera.

397 1383 638 1438 Qudniam
674 1381 752 1425 hie
783 1387 856 1424 est
890 1380 1040 1431 Deus,

339 1444 472 1488 Deus
504 1449 664 1485 noster
696 1441 745 1483 in
781 1439 1039 1489 aeternum,

338 1510 387 1547 et
402 1502 451 1545 in
468 1500 709 1546 saeculum
725 1498 916 1544 saeculi:
932 1495 959 1521 ⁴*
976 1499 1046 1556 ip-

339 1574 390 1606 se
411 1568 541 1617 reget
563 1572 650 1604 nos
671 1559 719 1603 in
739 1557 941 1604 saecula.

505 1653 718 1700 psalmus
739 1647 876 1696 xlviii.

533 1812 615 1843 nes
637 1798 815 1843 Gentes
844 1811 854 1842 :
877 1794 904 1820 ⁴*
925 1796 1048 1841 auri-

340 1860 432 1904 bus
473 1857 699 1915 percipite
738 1869 917 1908 omnes,
966 1855 1047 1913 qui

341 1917 567 1964 habitatis
588 1917 753 1960 orbem
780 1929 790 1959 :

402 1977 593 2033 Quique
619 1974 893 2031 terrigenae,
920 1982 969 2019 et
996 1974 1051 2017 fi-

342 2037 390 2082 lii
435 2035 682 2082 heminum
710 2049 721 2079 :
756 2032 782 2057 ⁴*
814 2034 953 2078 simul
1000 2034 1050 2077 in

341 2110 492 2143 unum
513 2096 644 2140 dives
664 2102 711 2139 et
731 2107 927 2151 pauper.

402 2156 472 2201 Os
513 2168 673 2199 meum
713 2153 933 2210 loquetur
976 2166 1050 2197 sa·

343 2215 572 2273 pientiam
610 2228 621 2258 :
653 2212 681 2236 ⁴*
711 2221 761 2257 et
802 2212 1049 2258 meditatio

344 2276 500 2321 cordis
522 2274 613 2319 mei
634 2272 950 2331 prudentiam.

407 2334 651 2379 Inclinabo
687 2332 736 2375 in
771 2331 1051 2389 parabolam

344 2407 508 2439 aurern
549 2405 707 2437 meam
735 2404 745 2436 :
780 2388 807 2414 ⁴*
838 2392 1051 2448 aperiam

346 2454 395 2497 in
415 2452 638 2510 psalterio
675 2451 1053 2509 propositidnem

346 2526 515 2556 meam.

406 2571 505 2615 Cur
537 2569 716 2616 timebo
752 2569 801 2613 in
838 2570 916 2615 die
955 2582 1057 2613 ma-

346 2629 464 2674 la?*
487 2630 709 2687 iniquitas
732 2629 939 2675 calcanei
963 2628 1056 2673 mei

347 2688 657 2734 circumdabit
681 2703 757 2734 me
776 2702 786 2733 :

409 2748 503 2802 Qui
535 2748 784 2793 confidunt
813 2749 861 2793 in
887 2747 1058 2793 virtute

348 2818 459 2851 sua:
478 2807 616 2851 *etin
631 2807 934 2852 multitudine
942 2806 1058 2851 divi-

349 2863 518 2909 tiatum
551 2865 745 2911 suatum
774 2866 1050 2924 glorientur.

624 251 683 303 F
676 251 796 303 eria
821 249 989 302 tertia
1013 248 1097 301 ad
1114 246 1485 300 Matutinum.

1168 370 1331 414 Frater
1350 381 1447 412 non
1465 366 1669 418 redimit,
1693 367 1821 412 redi-

1109 438 1205 475 met
1223 427 1423 473 homoz*
1441 441 1536 471 non
1553 427 1691 471 dabit
1712 427 1823 472 Deo

1109 489 1424 546 placatidnem
1445 500 1597 532 suam.

1171 549 1232 593 Et
1249 548 1452 605 pretium
1470 546 1821 603 redemptidnis

1109 607 1297 653 Animae
1309 620 1423 652 suae
1439 621 1449 651 :
1467 604 1495 629 ⁴*
1510 614 1557 650 et
1576 605 1819 650 laborabit

1110 667 1159 712 in
1173 666 1429 718 aeternum,
1449 672 1496 710 et
1516 665 1638 710 vivet
1652 665 1820 710 adhuc

1111 727 1161 771 in
1182 727 1339 771 finem.

1174 786 1290 830 Non
1331 783 1508 829 videbit
1548 782 1812 836 interitum,

1113 859 1225 890 eum
1256 844 1424 889 viderit
1447 842 1688 900 sapientes
1710 856 1819 887 mo-

1114 905 1302 950 rientes:
1317 902 1345 927 ⁴*
1360 903 1500 948 simul
1517 902 1763 960 insipiens,
1771 911 1819 948 et

1113 965 1286 1009 stultus
1307 962 1542 1020 peribunt.

1173 1024 1236 1067 Et
1258 1022 1523 1079 re11nquent.
1551 1020 1718 1065 alienis
1751 1020 1826 1066 di-

1113 1081 1251 1128 vitias
1271 1095 1401 1126 suas:
1424 1079 1452 1104 ⁴*
1482 1088 1531 1125 et
1566 1079 1826 1137 sepulchra

1114 1141 1278 1187 ebrum
1315 1142 1488 1185 domus
1529 1139 1720 1184 illerum
1772 1140 1823 1184 in

1114 1200 1374 1245 aeternum.

1175 1258 1506 1304 TabernAcula
1554 1257 1725 1303 edrum
1771 1257 1824 1302 in

1114 1318 1353 1376 progenie,
1367 1326 1417 1362 et
1431 1316 1660 1374 progenie
1676 1316 1725 1361 z*
1744 1330 1824 1362 vo-

1116 1378 1338 1423 caverunt
1354 1376 1550 1423 nemina
1561 1389 1650 1422 sua
1666 1376 1718 1421 in
1734 1384 1828 1421 ter·

1115 1440 1180 1482 ris
1201 1438 1312 1482 suis.

1178 1497 1241 1541 Et
1258 1497 1417 1547 homo,
1440 1509 1552 1540 cum
1567 1495 1616 1538 in
1635 1494 1825 1541 honere

1117 1564 1251 1607 esset,
1268 1569 1364 1600 non
1376 1554 1603 1599 intellexit
1619 1569 1629 1599 :
1647 1552 1675 1577 ⁴*
1692 1568 1826 1600 eom-

1118 1616 1312 1673 paratus
1342 1622 1413 1660 est
1446 1613 1674 1672 jumentis
1715 1614 1824 1659 insi-

1118 1675 1369 1734 pientibus,
1396 1681 1443 1720 et
1466 1672 1630 1719 similis
1667 1673 1827 1720 faetus

1029 1761 1047 1770 -
1119 1742 1189 1781 est
1212 1736 1314 1780 illis.

1182 1795 1319 1840 Haec
1335 1795 1411 1838 via
1422 1793 1611 1839 illerum
1629 1793 1830 1839 scenda-

1120 1855 1219 1899 lum
1236 1854 1351 1911 ipsis
1366 1867 1375 1898 ε
1394 1851 1422 1877 ⁴*
1435 1861 1482 1898 et
1498 1852 1672 1910 pbstea
1685 1854 1735 1897 in
1750 1866 1833 1898 ore

1121 1928 1209 1959 suo
1231 1913 1612 1971 complacebunt.

1182 1973 1315 2019 Sicut
1328 1986 1440 2018 oves
1464 1972 1511 2017 in
1535 1973 1721 2018 inferno
1742 1972 1830 2031 ρό-

1123 2034 1200 2079 siti
1219 2041 1329 2079 sunt
1359 2031 1420 2079 z*
1442 2046 1571 2077 mors
1603 2033 1833 2090 deptiseet

1124 2107 1226 2138 nos.

1187 2154 1249 2198 Et
1272 2151 1649 2198 dominabuntur
1664 2152 1833 2198 ebrum

1122 2213 1235 2270 justi
1257 2213 1307 2257 in
1329 2209 1623 2258 matutinoz*
1638 2220 1686 2257 et
1703 2212 1835 2256 auxi-

1126 2272 1242 2317 lium
1260 2272 1423 2318 edrum
1434 2271 1693 2316 veterascet
1710 2272 1835 2316 inin-

1130 2331 1262 2376 ferno
1284 2346 1314 2377 a
1333 2331 1485 2388 gleria
1506 2330 1688 2375 ebrum.

1184 2390 1524 2435 Verumtamen
1548 2390 1680 2434 Deus
1713 2389 1835 2435 redi-

1126 2458 1222 2495 met
1231 2450 1440 2495 animam
1450 2462 1607 2493 meam
1616 2451 1677 2493 de
1686 2463 1835 2494 manu

1126 2509 1273 2563 inferi,
1298 2507 1325 2533 ⁴*
1348 2523 1458 2554 cum
1481 2507 1718 2566 acceperit
1739 2522 1828 2555 me.

1189 2570 1266 2614 Ne
1300 2567 1523 2618 timueris,
1552 2582 1661 2612 cum
1702 2569 1834 2613 dives

1127 2629 1282 2673 faetus
1293 2628 1430 2673 fuerit
1447 2628 1613 2672 homo:
1625 2626 1651 2650 ⁴*
1661 2635 1834 2672 etcum

1128 2687 1440 2745 multiplicata
1491 2685 1630 2731 fuerit
1682 2687 1834 2744 gldria

1128 2748 1302 2792 domus
1323 2748 1437 2804 ejus.

1188 2805 1429 2860 Quoniam
1446 2818 1554 2848 cum
1589 2804 1828 2854 interierit.

1128 2878 1225 2910 non
1247 2871 1401 2910 sumet
1422 2863 1585 2908 emnia
1605 2863 1658 2908 t*
1681 2877 1838 2922 neque
