2050 3392
475 241 777 300 Commune
805 243 1144 314 Confissoris
1166 247 1343 300 Ponti
1377 248 1470 305 cis.

1634 253 1737 307 lxv-⁴

242 379 391 426 gnus,
438 367 521 425 qui
564 366 612 412 in
653 367 820 414 diebus
860 369 957 414 suis
1032 369 1308 416 meis.—Tu
1317 385 1367 418 es
1376 371 1610 420 sacerdos,
1622 375 1742 427 Gle-

243 427 426 485 placuit
450 427 555 472 Deo
575 427 624 473 z*
648 428 766 474 ldeo
781 429 957 486 jureju-

242 486 399 533 rando
420 487 530 533 fecit
553 487 687 533 illum
719 488 955 534 Dominus

242 546 455 594 crescere
483 547 531 592 in
566 548 754 606 plebem
796 563 946 594 suam.

233 605 299 665 V.
331 607 720 654 Benedie'tienem
738 608 952 655 omnium

241 665 459 724 gentium
485 668 617 714 dedit
638 668 717 721 illi,
744 675 791 713 et
814 676 954 714 testa-

241 725 459 773 mentum
489 741 628 773 suum
658 727 953 775 confirmavit

234 786 949 907 Ξὲἕῗέᾒῗῖἷῖἒὲἒῐόέόὲἵᾱὲἓ

327 939 493 989 Leetio
512 943 570 991 iii.
840 982 851 995 .

234 1013 357 1135 ὃ
371 1027 419 1073 U
436 1037 597 1077 autem
614 1031 808 1090 lequere
824 1047 948 1092 quae

396 1091 565 1137 decent
634 1106 803 1139 sanam
864 1095 951 1139 do·

236 1151 443 1199 e'trinam
475 1164 487 1196 :
520 1151 666 1205 Senes
707 1161 760 1199 ut
800 1153 944 1200 sebrii

235 1214 346 1266 sint,
355 1209 528 1271 pudici,
550 1211 820 1269 prudentes,
842 1214 945 1258 sani

236 1272 287 1318 in
327 1273 435 1324 fide,
476 1271 525 1316 in
576 1271 847 1325 dilectione,
896 1273 945 1317 in

236 1332 470 1390 patientia
506 1344 519 1376 ε
554 1330 688 1377 Anus
733 1332 950 1378 similiter

235 1393 287 1438 in
318 1392 486 1438 habitu
514 1390 696 1444 saneto,
734 1405 831 1438 non
861 1393 948 1437 cri-

234 1452 519 1502 minatrices,
542 1464 640 1496 non
661 1452 815 1497 multo
834 1452 946 1498 vino

234 1511 500 1563 servientes
528 1511 649 1556 bene
680 1511 905 1557 docentes
933 1527 943 1558 z

234 1578 291 1618 ut
362 1570 664 1629 prudentiam
738 1571 943 1618 doceant

233 1630 625 1681 adolescentulas.
707 1638 761 1677 ut
821 1632 944 1677 viros

233 1705 349 1737 suos
368 1698 544 1743 ament,
566 1690 689 1738 filios
709 1704 821 1737 suos
842 1691 945 1736 dili-

232 1759 366 1809 gant,
387 1750 658 1809 prudenteS,
680 1759 848 1804 castas,
868 1752 945 1799 se-

232 1811 374 1865 brias,
398 1812 570 1857 domus
586 1824 749 1856 curam
766 1811 943 1857 haben—

232 1878 319 1922 tes.
342 1870 584 1929 benignas,
604 1869 820 1916 subditas
835 1871 943 1917 viris

231 1930 344 1983 suis,
380 1937 433 1976 ut
465 1943 560 1975 non
591 1930 946 1988 blasphemetur

231 1992 430 2035 verbum
452 1990 556 2036 Dei.
588 1988 796 2053 Juvenes
816 1990 943 2035 simi-

230 2049 340 2095 liter
359 2049 549 2095 hortere
579 2057 632 2095 ut
663 2049 807 2096 sebrii
826 2050 932 2096 sint.

232 2110 292 2155 In
307 2107 529 2156 emnibus
545 2108 748 2166 teipsum
766 2111 941 2167 praebe

229 2169 502 2227 exemplum
554 2169 789 2216 bonerum
825 2169 940 2227 epe-

228 2242 352 2281 rum,
393 2229 444 2274 in
472 2228 706 2282 doctrina,
739 2228 790 2273 in
819 2229 939 2275 inte-

227 2288 417 2347 gritate,
425 2289 474 2333 in
488 2288 732 2345 gravitate,
740 2289 937 2334 verbum

226 2361 413 2401 sanum,
435 2347 839 2405 irreprehensibile
857 2355 939 2395 :ut

226 2407 403 2512 {24th
425 2406 711 2513 εζεὴςῖῗὶῗῦιὲο
740 2414 941 2511 &alve-

334 2480 402 2521 ur,
422 2481 470 2511 m
507 2481 520 2512 1
679 2480 736 2513 ns
756 2481 838 2513 ma
856 2481 937 2512 um

225 2525 388 2573 dicere
406 2528 467 2572 de
487 2527 638 2573 nobis.

285 2581 359 2640 R7.
391 2585 577 2650 jurevit
610 2586 862 2652 Deminus,
888 2594 934 2632 et

226 2659 329 2691 non
347 2644 612 2703 poenitebit
637 2660 748 2691 eum
784 2637 827 2692 εκ
857 2647 935 2692 Tu

225 2719 279 2751 es
298 2705 522 2751 sacerdos
538 2706 587 2751 in
598 2705 845 2752 aeternum
866 2720 939 2751 se·

225 2764 441 2811 cundum
456 2764 672 2811 ordinem
688 2765 937 2811 Melchise-

223 2825 364 2872 dech.
395 2815 459 2879 ΧΤ.
528 2825 661 2871 Dixit
698 2824 933 2872 Deminus

226 2884 441 2933 Domino
449 2898 576 2931 meo:
586 2885 711 2933 Sede
718 2898 749 2931 a
756 2886 933 2934 dextris

338 3053 466 3100 Pars
484 3055 532 3100 A
539 3060 821 3109 utumnalts.

1033 430 1102 476 ria
1125 430 1267 478 Patri.
1301 432 1378 478 Tu
1400 447 1450 478 es
1471 434 1705 482 sacerdos.

1092 508 1149 554 In
1167 511 1382 561 secundo
1405 511 1670 563 Noeturno.

1090 581 1211 629 Ana.
1243 580 1585 628 Invocentem*
1598 597 1741 630 exau-

1037 637 1155 685 divit
1177 640 1314 687 Dfius
1340 642 1559 688 saneium
1581 657 1734 697 suum,

1038 699 1275 746 Dominus
1326 702 1564 749 exaudivit
1609 717 1734 759 eum,

1037 766 1086 806 et
1106 760 1349 808 constituit
1370 775 1480 808 eum
1501 763 1552 808 in
1570 777 1704 822 pace.

1234 836 1448 888 Psalmus
1471 840 1527 889 iv.

1035 914 1117 969 Γ
1147 914 1159 916 “
1185 928 1243 972 .-'‘':
1271 914 1653 960 UMinmcffirom
1666 932 1742 960 ex·-

1185 982 1203 1014 .’
1296 974 1472 1018 audii-it
1500 990 1572 1018 mi:
1606 978 1736 1020 Deus

1165 1050 1167 1054 ·
1227 1043 1241 1089 ‘3
1293 1034 1500 1089 justitiae
1524 1036 1732 1080 nicae&

1089 1215 1313 1259 Miserere
1337 1213 1476 1265 meist*
1496 1223 1538 1259 et
1562 1215 1730 1261 exeudi

1025 1273 1291 1318 oratienem
1318 1287 1488 1319 meam.
1555 1303 1565 1309 s
1590 1274 1598 1278 ’
1652 1273 1657 1278 ’
1716 1314 1718 1319 ,

1086 1332 1189 1378 Filii
1211 1330 1459 1380 heminum
1480 1331 1730 1393 usquequo

1021 1393 1155 1448 gravi
1175 1394 1351 1439 corde?
1367 1392 1393 1417 ⁴*
1415 1401 1467 1440 ut
1488 1395 1604 1452 quid
1625 1395 1730 1441 dili-

1020 1452 1132 1508 gitis
1150 1452 1420 1511 vanitatem‚
1436 1461 1488 1513 ret
1505 1456 1728 1513 quaeritis

1027 1511 1357 1558 mendecium?

1082 1573 1144 1617 Et
1165 1574 1333 1620 scitete
1354 1573 1579 1631 queniam
1601 1575 1729 1620 miri-

1020 1630 1177 1677 ficevit
1218 1632 1455 1678 Deminus
1505 1633 1724 1679 sanetum

1018 1705 1159 1737 suum
1179 1707 1189 1737 :
1209 1690 1235 1716 ⁴*
1254 1692 1489 1740 Deminus
1505 1693 1726 1740 exeudiet

1018 1764 1097 1796 me
1110 1765 1219 1797 cum
1233 1752 1499 1798 clamevero
1519 1754 1582 1798 ad
1595 1767 1719 1800 eum.

1082 1811 1355 1865 Irascimini,
1382 1820 1430 1857 et
1452 1812 1597 1858 nolite
1617 1826 1728 1870 pec-

1023 1869 1132 1916 cere
1155 1885 1166 1917 z
1189 1872 1217 1897 ⁴*
1237 1885 1362 1930 quae
1382 1871 1534 1918 dicitis
1556 1872 1603 1917 in
1624 1872 1726 1918 cor-

1019 1932 1160 1977 dibus
1196 1932 1372 1984 vestris,
1409 1931 1458 1976 in
1493 1932 1726 1979 cubilibus

1018 1992 1182 2037 vestris
1209 1991 1600 2049 compungimini.

1077 2050 1346 2097 Sacrificete
1358 2051 1638 2097 sacrificium
1649 2051 1726 2111 Ju-

1018 2110 1188 2164 stitiae,
1215 2117 1263 2156 et
1283 2110 1468 2169 sperate
1488 2112 1536 2156 in
1554 2112 1679 2158 Dfio.
1695 2111 1723 2137 ⁴*

1017 2170 1159 2215 Multi
1178 2171 1341 2216 dicunt
1365 2170 1503 2227 :Quis
1516 2171 1722 2218 ostendit

1017 2230 1156 2275 nobis
1177 2230 1307 2276 bona
1319 2231 1342 2276 Ρ

1074 2289 1326 2347 Signatum
1359 2297 1431 2336 est
1462 2302 1605 2347 super
1636 2303 1725 2337 nos

1018 2348 1179 2394 lumen
1200 2350 1358 2394 vultus
1378 2349 1723 2401 tui,Demine:*

1019 2408 1192 2454 dedisti
1234 2408 1458 2454 laetitiam
1495 2409 1543 2454 in
1578 2410 1723 2457 corde

1016 2481 1140 2513 meo.

1073 2527 1118 2572 A
1135 2526 1290 2572 fruetu
1304 2526 1537 2581 frumenti,
1551 2526 1659 2580 vini,
1673 2537 1720 2574 et

1016 2586 1109 2634 elei
1125 2587 1198 2632 sui
1222 2585 1248 2610 ⁴*
1278 2586 1574 2644 multiplicati
1594 2596 1717 2634 sunt.

1077 2647 1133 2691 In
1149 2660 1268 2704 pace
1284 2646 1332 2691 in
1348 2646 1554 2704 idipsum
1571 2646 1598 2671 ³
1611 2647 1720 2695 der·

1017 2706 1178 2759 miam,
1205 2715 1252 2752 et
1272 2705 1589 2764 requiescam;

1076 2766 1316 2822 Queniam
1378 2772 1441 2817 tu,
1491 2766 1712 2822 Demine,

1016 2825 1315 2884 singulatiter
1334 2824 1384 2870 in
1403 2836 1489 2884 spe
1503 2823 1530 2851 ³*
1545 2828 1720 2876 consti-

1018 2885 1146 2934 tuisti
1167 2899 1258 2935 me.

1540 3060 1612 3100 c*
