2050 3392
363 252 436 307 vi.
732 251 1035 306 Commune
1058 249 1484 318 Apostolorum.

359 375 640 434 permanens
650 373 697 418 in
707 373 948 418 saeculum
961 385 1065 417 sae-

358 435 469 479 culi:
489 432 516 457 ⁴*
528 433 709 491 judicia
726 432 920 478 Demini
938 445 1059 484 vera,

354 492 614 552 justificata
633 494 679 537 in
701 491 965 548 semetipsa.

420 551 762 598 Desiderabilia
800 564 943 608 super
982 563 1068 595 au-

360 626 465 657 rum
495 619 543 656 et
574 611 780 667 lapidem
803 610 1066 667 pretiesum

360 672 582 716 multum:
593 668 620 693 ⁴*
636 677 683 713 et
697 669 910 715 dulciera
923 683 1068 728 super

358 730 453 774 mel
469 738 516 774 et
533 729 703 774 favum.

421 789 611 833 Etenim
621 802 781 834 servus
792 795 902 833 tuus
911 789 1071 835 custe-

360 849 430 892 dit
444 862 514 900 ea,
535 846 563 871 ⁴*
576 848 625 892 in
638 848 963 894 custodiendis
980 849 1068 893 illis

360 907 605 953 retributio
626 907 791 953 multa.

422 967 612 1012 Delitsta
626 968 731 1025 quis
744 968 994 1026 intelligit?
1004 968 1069 1013 ab

361 1026 560 1072 occultis
580 1028 698 1073 meis
719 1029 901 1073 munda
922 1041 1023 1072 me:
1043 1026 1070 1051 ⁴*

360 1096 409 1132 et
416 1088 481 1131 ab
488 1086 652 1132 alienis
663 1101 803 1144 parce
816 1100 951 1132 servo
967 1095 1064 1132 tuo.

420 1147 469 1191 Si
493 1148 585 1191 mei
608 1160 704 1192 non
726 1146 897 1191 fuerint
918 1146 1072 1191 domi-

360 1203 1072 1257 nati,tuncimmaculatusero:*

360 1273 407 1309 et
423 1264 724 1309 emundabor
734 1278 765 1308 a
780 1264 957 1309 delie'to
971 1263 1072 1308 ma-

360 1337 502 1368 ximo.

421 1383 484 1427 Et
505 1391 643 1427 erunt
665 1390 717 1428 ut
739 1380 1072 1438 complaceant

358 1442 550 1499 elequia
562 1443 655 1487 oris
672 1443 762 1486 mei
786 1456 797 1487 ε
816 1440 843 1465 ⁴*
859 1449 907 1486 et
923 1442 1073 1486 medi-

361 1501 481 1547 tetio
489 1503 645 1548 cordis
653 1502 747 1547 mei
755 1502 803 1546 in
812 1501 1073 1559 conspeetu

362 1570 447 1607 tuo
467 1575 665 1619 semper.

424 1622 644 1673 Demine,
663 1619 858 1679 adjutor
871 1634 1019 1673 meus,
1045 1619 1072 1644 ⁴*

363 1689 412 1728 et
433 1682 707 1740 redemptor
726 1694 872 1727 meus,

420 1734 536 1780 Asta„
583 1742 639 1786 In
670 1755 862 1787 omnem
899 1748 1070 1787 terram

362 1800 504 1847 exivit
544 1815 689 1846 sonus
730 1801 908 1852 eerum,
944 1808 993 1845 et
1023 1800 1072 1843 in

362 1860 479 1905 fines
500 1861 626 1905 orbis
647 1867 798 1905 terrae
821 1860 964 1904 verba
993 1859 1074 1906 ee-

364 1932 481 1965 rum.

411 1970 535 2030 Asta-
560 1975 894 2022 Clamaverunt
906 1973 1067 2034 justif*

361 2043 410 2081 et
433 2035 670 2082 Deminus
688 2036 926 2082 exaudivit
948 2050 1045 2082 eos.

520 2121 731 2168 Psalmus
753 2123 908 2170 xxxiii.

512 2213 874 2259 ENEDICAM
907 2214 1073 2260 Demi-

539 2288 654 2318 num
669 2274 717 2318 in
733 2275 863 2319 omni
888 2274 1073 2332 tempo·

364 2346 415 2378 re
442 2347 453 2379 ε
476 2331 504 2356 ⁴*
524 2347 712 2391 semper
752 2335 853 2379 laus
889 2334 991 2391 ejus
1022 2334 1071 2378 in

364 2406 447 2438 ore
471 2407 591 2438 meo.

427 2454 483 2497 In
501 2452 611 2498 Di'io
627 2452 900 2498 laudabitur
910 2451 1073 2497 anima

363 2526 489 2557 mea:
505 2511 532 2536 ⁴*
544 2512 743 2558 audiant
755 2511 1004 2566 mansueti,
1022 2519 1071 2557 et

364 2571 607 2617 laetentur.

425 2630 733 2713 Magnificate
771 2630 933 2675 Dfium
972 2644 1073 2675 me-

364 2702 499 2734 cum:
556 2698 603 2735 et
617 2689 877 2735 exaltemus
893 2703 1070 2735 nomen

362 2748 464 2804 ejus
481 2748 530 2792 in
545 2748 766 2805 idipsum.

424 2806 663 2862 Exquisivi
709 2807 984 2860 deinum.
1019 2816 1068 2854 et

361 2863 598 2908 exaudivit
623 2878 701 2910 me
720 2880 731 2911 :
749 2865 776 2890 ⁴*
796 2874 845 2911 et
877 2880 935 2912 ex
965 2867 1069 2913 em-

1133 372 1273 416 nibus
1304 371 1693 418 tribulatien‘ibus
1729 371 1855 417 meis

1134 430 1308 488 eripuit
1331 445 1419 476 me.
1843 436 1846 442 ‘

1191 491 1419 536 Accedite
1439 492 1504 536 ad
1523 505 1652 544 eum,
1679 498 1728 536 et
1750 491 1855 535 iuu-

1134 549 1381 595 minAmini
1390 565 1400 596 :
1410 549 1437 574 ⁴*
1447 559 1495 596 et
1509 550 1655 596 facies
1667 559 1855 596 vestrae

1136 623 1231 654 non
1252 609 1616 656 confundentur.

1199 670 1294 715 Iste
1326 683 1509 727 pauper
1535 669 1777 722 clamevit,
1804 677 1853 714 et
1898 700 1901 719 .

1139 730 1276 775 Dfius
1308 729 1547 774 exaudivit
1578 742 1691 774 eum
1719 744 1732 775 :
1757 728 1784 753 ⁴*
1805 736 1852 772 et
1894 724 1899 805 J

1137 791 1198 834 de
1219 789 1442 835 &mnibus
1464 788 1852 835 tribulatic‘mibus
1893 810 1899 869 1

1138 849 1240 906 ejus
1261 847 1458 894 salve-vit
1479 862 1602 893 eum.

1200 907 1431 953 Imminet
1447 908 1661 965 Angelus
1685 907 1781 951 Dfii
1802 907 1850 951 in
1891 880 1898 967 1

1137 966 1336 1012 circuitu
1358 967 1628 1012 timentium
1644 972 1761 1012 ‘eum
1788 981 1800 1012 :
1822 965 1850 989 *
1892 970 1895 981 '

1138 1033 1187 1072 et
1207 1027 1373 1084 eripiet
1394 1040 1491 1072 eos.

1198 1086 1415 1140 Gustata,
1451 1093 1500 1131 et
1541 1085 1698 1131 videte
1733 1084 1851 1143 qud-

1140 1145 1268 1190 niam
1310 1145 1467 1191 suavis
1507 1153 1581 1190 est
1624 1145 1788 1190 Diius:
1821 1143 1848 1168 ⁴*

1140 1204 1311 1250 beatus
1327 1205 1408 1257 vir,
1428 1205 1509 1262 qui
1527 1213 1688 1262 sperat
1709 1205 1758 1249 in
1772 1217 1841 1250 eo·

1200 1264 1389 1309 Timete
1451 1264 1615 1309 Dfium
1685 1276 1847 1309 omnes

1141 1322 1293 1368 saneti
1314 1325 1436 1381 eJus:
1452 1322 1479 1347 ⁴*
1501 1324 1732 1380 queniam
1754 1335 1845 1367 non

1141 1389 1212 1427 est
1234 1383 1396 1440 inopia
1417 1383 1697 1428 timentibus
1720 1396 1836 1427 eum.

1203 1441 1384 1487 Divites
1414 1442 1648 1499 eguerunt
1670 1450 1716 1487 et
1748 1455 1846 1486 esu·

1142 1501 1333 1547 rierunt:
1345 1500 1372 1525 ⁴*
1385 1501 1676 1558 inquirentes
1691 1508 1842 1546 autem

1143 1561 1404 1607 Deminum
1442 1573 1541 1605 non
1579 1561 1845 1606 minuentur

1139 1621 1269 1665 omni
1290 1621 1432 1665 bono.

1199 1679 1370 1725 Venite
1391 1679 1488 1733 filii,
1509 1679 1676 1726 audite
1698 1693 1772 1725 me
1790 1692 1802 1727 ε
1817 1676 1842 1702 ⁴*

1141 1740 1360 1786 timerem
1383 1740 1477 1784 Dni
1500 1740 1690 1785 docebo
1711 1754 1801 1785 vos.

1199 1799 1320 1854 Quis
1356 1807 1427 1844 est
1458 1799 1607 1844 homo
1639 1800 1720 1856 qui
1752 1797 1841 1844 vult

1140 1858 1286 1903 vitam
1306 1873 1316 1903 ε
1336 1857 1363 1882 ⁴*
1384 1858 1538 1916 diligit
1570 1859 1676 1904 dies
1696 1858 1842 1903 videre

1142 1918 1294 1963 bonos
1316 1919 1336 1962 ?

1203 1977 1408 2023 Prehibe
1429 1977 1645 2034 linguam
1669 1983 1795 2022 tuam
1813 1988 1841 2021 a

1140 2037 1271 2081 malo
1294 2051 1304 2081 :
1328 2035 1355 2060 ⁴*
1376 2043 1424 2081 et
1446 2036 1575 2082 lebia
1596 2044 1683 2082 tua
1701 2051 1760 2082 ne
1777 2036 1839 2081 lo-

1141 2094 1348 2154 quantur
1366 2096 1548 2141 dolum.

1201 2155 1393 2200 Diverte
1407 2169 1437 2199 a
1451 2155 1597 2208 malo,
1615 2163 1664 2201 et
1679 2156 1753 2201 sac
1762 2156 1838 2200 bo-

1140 2228 1256 2260 num
1278 2229 1289 2260 ε
1313 2213 1341 2238 ⁴*
1361 2214 1545 2272 inquire
1581 2229 1763 2273 pacem,
1795 2221 1836 2258 et

1139 2274 1420 2332 persequere
1440 2287 1562 2320 eam.

1198 2334 1337 2379 Oculi
1358 2333 1453 2377 Dni
1473 2347 1619 2391 super
1633 2330 1838 2392 iustosz*

1139 2401 1187 2437 et
1207 2407 1346 2439 aures
1376 2393 1478 2450 ejus
1498 2393 1546 2438 in
1576 2406 1741 2451 preces
1768 2391 1837 2438 ed-

1139 2466 1256 2497 rum.

1198 2512 1371 2557 Vultus
1400 2519 1562 2556 autem
1588 2512 1684 2556 Dni
1709 2523 1838 2569 super

1139 2571 1363 2616 facientes
1384 2571 1542 2616 mala:
1561 2569 1589 2594 ⁴*
1605 2579 1659 2616 ut
1681 2572 1836 2629 perdat

1138 2632 1200 2675 de
1222 2638 1344 2675 terra
1365 2630 1647 2676 memet-iam
1665 2630 1828 2676 eet-um.

1200 2689 1533 2735 Clamaverunt
1542 2691 1672 2747 justi,
1688 2698 1734 2735 et
1748 2688 1836 2734 De-

1138 2749 1295 2794 minus
1315 2749 1556 2794 exaudivit
1572 2762 1675 2794 eos:
1690 2747 1716 2773 ⁴*
1727 2756 1835 2793 etex

1137 2808 1358 2855 emnibus
1374 2808 1753 2854 tribulatienibus
1763 2805 1835 2853 06-

1136 2881 1239 2912 rum
1262 2867 1476 2912 libemvit
1494 2880 1593 2913 eos,
