2050 3392
469 266 643 336 Infra
668 230 845 322 libbe&
873 275 1139 338 quartam
1165 235 1514 329 Navembnzv.

1628 291 1729 346 293

232 409 282 447 et
317 401 369 446 in
397 402 572 448 diebus
585 404 850 465 jeroboam
870 404 957 452 fssii
1020 406 1188 466 reliqui
1202 409 1600 464 Philisthinorum‚
1615 414 1728 460 dicit

231 461 355 524 Joas
371 463 496 519 regis
513 463 672 515 Israel,
699 472 814 510 ante
833 466 957 511 duos
1024 467 1261 514 Dominus
1284 470 1429 515 Deus,

234 534 397 565 annos
418 523 748 569 terraemotus.
807 525 868 570 Et
885 526 955 570 di·
1082 531 1152 586 R7.
1167 530 1342 587 Aspice
1353 531 1472 584 Dite,
1481 532 1606 590 quia.
1616 535 1719 578 288.

237 580 328 624 xit:
341 580 577 626 Dominus
585 583 647 628 de
655 583 770 628 Sion
780 583 947 641 rugiet,

236 647 286 684 et
323 640 384 684 de
404 640 674 702 Jerusalem
705 642 839 688 dabit
871 658 953 688 vo-

235 712 346 743 cem
363 713 501 745 suam
518 715 528 744 τ
546 709 594 746 et
611 701 830 747 luxerunt
848 716 953 761 spe-

1138 677 1340 725 FERIA
1370 681 1603 728 SEXTA.

234 759 371 805 cidsa
393 760 654 817 pamm-um,
681 769 729 806 et
746 763 951 809 exsicca.
1048 753 1217 812 Incipit
1237 757 1421 802 Adeas
1444 759 1700 817 Propheta.

233 826 314 864 tus
334 829 408 864 est
430 828 591 889 Yertex
615 821 833 890 Carmeli.
1144 837 1304 880 Lectio
1324 840 1352 883 i.
1430 835 1543 894 Cap.
1570 837 1599 882 i.

301 880 369 935 NJ.
394 879 509 924 V1d1
533 880 813 927 Dommum.
840 884 943 941 287.
1252 907 1272 951 1
1291 908 1428 955 510
1513 911 1717 959 Abdsae·

475 954 639 1004 Lecstio
662 956 709 1006 ii.
1115 982 1125 1005 x
1200 960 1217 985 ‘⁴
1276 966 1412 1012 Haec
1440 970 1553 1014 dicit
1583 972 1721 1017 Dfius

372 1027 506 1073 AEC
538 1028 652 1074 dicit
675 1030 944 1077 Dominus:
1033 1080 1041 1089 ,
1063 1082 1077 1094 l

402 1088 560 1144 Super
591 1089 739 1135 tribus
765 1092 946 1137 sceleri-

1198 1004 1218 1043 ἦ
1277 1026 1408 1071 Deus
1438 1030 1501 1074 ad
1530 1030 1721 1076 Edom:

1144 1089 1150 1092 “
1271 1085 1504 1132 Auditum
1541 1091 1722 1135 audivi-

228 1145 324 1190 bus
347 1145 586 1199 Damasci,
609 1156 656 1193 et
673 1163 816 1207 super
830 1151 945 1209 qua.
1011 1156 1117 1187 mus
1138 1157 1169 1189 a
1191 1144 1415 1198 Domino,
1443 1155 1487 1192 et
1509 1147 1721 1206 legatum

229 1212 347 1250 tuor
376 1220 473 1251 non
505 1208 780 1254 convertam
803 1224 942 1255 eum:
1010 1204 1074 1249 ad
1108 1204 1287 1249 Gentes
1316 1206 1442 1251 misit
1465 1221 1476 1252 ἰ
1512 1209 1713 1267 St'lrgite.

229 1278 294 1309 eo
345 1268 477 1322 quod
529 1268 846 1315 trituraverint
895 1271 943 1314 in
1008 1271 1055 1308 et
1103 1264 1452 1322 consurgalnus
1491 1269 1720 1315 adversus

227 1325 455 1382 plaustris
518 1326 678 1372 ferreis
735 1329 939 1376 Galaad.
1008 1337 1119 1368 eum
1174 1325 1224 1371 in
1280 1327 1526 1383 praelium.
1594 1330 1720 1374 Ecce

231 1384 294 1429 Et
337 1386 525 1430 mittam
566 1387 726 1444 ignem
767 1388 816 1433 in
858 1390 944 1435 do-
1008 1383 1258 1440 patmlum
1281 1386 1393 1431 dedi
1417 1394 1463 1431 te
1484 1388 1532 1432 in
1554 1388 1720 1434 Genti-

228 1457 365 1489 mum
397 1445 594 1497 Hatzael,
623 1455 670 1492 et
692 1448 938 1495 devorabit
1007 1444 1131 1490 bus:
1170 1447 1540 1503 contemptibilis
1577 1457 1629 1493 tu
1666 1463 1718 1494 es

229 1504 404 1549 domos
437 1505 678 1551 Benadad,
738 1508 800 1553 Et
830 1510 942 1554 0611-
1006 1503 1155 1550 valde.
1224 1506 1459 1563 Superbia
1474 1508 1633 1553 cordis
1649 1509 1718 1553 tui

227 1571 382 1608 teram
402 1565 586 1610 vectem
613 1566 837 1613 Damasci
861 1583 871 1614 :
894 1578 940 1614 et
1005 1562 1171 1608 extulit
1214 1572 1274 1616 te,
1323 1566 1618 1612 habitamem
1667 1569 1717 1612 in

227 1623 505 1681 disperdam
534 1625 851 1672 habitatorem
881 1630 940 1673 de
1006 1622 1217 1668 scissuris
1235 1625 1490 1681 petrarum,
1508 1626 1719 1671 exaltdn-

225 1698 405 1742 campo
443 1684 573 1738 idoli,
614 1693 663 1732 et
701 1685 940 1733 tenentem
1007 1689 1104 1726 tem
1121 1682 1295 1729 solium
1312 1691 1447 1729 tuum
1469 1699 1479 1730 ε
1501 1686 1584 1742 qui
1601 1686 1719 1731 dicis

225 1753 470 1802 sceptrum
513 1746 576 1790 de
618 1747 764 1791 domo
806 1749 939 1794 volu-
1008 1741 1056 1786 in
1073 1743 1346 1788 cordetuo:
1365 1744 1484 1798 Quis
1500 1744 1718 1792 detrahet

225 1804 373 1862 ptatis
393 1819 403 1849 :
439 1812 487 1850 et
526 1805 834 1852 transferetur
854 1808 939 1865 ρό-
1004 1815 1085 1845 me
1107 1801 1156 1846 in
1178 1804 1383 1847 terram?
1409 1803 1459 1848 Si
1482 1804 1718 1851 exaltatus

224 1865 367 1922 pulus
384 1865 554 1923 Syriae
571 1865 802 1923 Cyrenen,
826 1867 939 1914 dicit
1006 1859 1149 1907 fueris
1170 1870 1226 1907 Ut
1245 1862 1420 1918 Aquila,
1449 1870 1496 1908 et
1525 1863 1563 1908 Si
1594 1864 1716 1909 inter

225 1924 482 1970 Dominus.
1006 1921 1163 1966 sidera
1190 1921 1402 1979 posueris
1439 1923 1606 1968 nidum
1644 1932 1717 1969 tu-

287 1986 354 2041 RJ,
377 1984 559 2041 Aspice
580 1983 803 2032 Domine,
831 1989 932 2033 288,
1006 1995 1114 2026 um:
1133 1982 1243 2027 inde
1256 1981 1505 2028 detraham
1521 1992 1579 2035 te,
1601 1985 1714 2031 dicit

457 2062 622 2109 Leffio
645 2062 706 2110 iii.
1006 2041 1258 2087 deinus.

359 2131 497 2176 AEC
530 2132 645 2176 dicit
668 2125 903 2178 Dominus
1064 2105 1135 2163 R7.
1166 2100 1320 2158 Super
1338 2115 1516 2150 muros,
1542 2106 1646 2151 288.

1240 2180 1402 2230 Letstio
1425 2185 1469 2230 ii.

393 2191 549 2248 Super
600 2191 749 2236 tribus
796 2193 918 2238 scele'

222 2250 354 2295 ribus
376 2252 552 2301 Gazae,
581 2258 629 2296 et
656 2263 797 2309 super
824 2252 938 2309 qua·
1142 2251 1163 2296 1
1186 2253 1313 2297 fures
1349 2254 1621 2300 introissent
1649 2257 1714 2301 ad

1000 2256 1134 2416 „Q

223 2317 332 2354 tuor
361 2323 462 2354 non
492 2310 768 2355 convertam
797 2326 936 2357 eum:
1168 2319 1228 2364 te,
1278 2313 1317 2357 si
1366 2314 1574 2359 latrones

1629 2327 1715 2371 per

223 2383 281 2415 eo
296 2371 435 2427 quod
452 2369 775 2415 transtulerint
792 2372 939 2428 oepti-
1039 2384 1070 2416 o
1121 2384 1211 2422 em.
1268 2372 1513 2429 quomodo
1565 2374 1714 2417 conti-

223 2430 422 2475 vitatem
444 2429 719 2487 perfectam,
746 2437 799 2474 ut
827 2444 940 2475 con·
1005 2430 1208 2475 cuisses?
1227 2444 1388 2476 nonne
1401 2431 1541 2476 furati
1559 2440 1715 2476 essent

224 2488 472 2534 eluderent
495 2503 603 2534 eam
620 2490 670 2533 in
691 2490 933 2537 Idumaoe..
1006 2489 1287 2534 sufficientia
1322 2491 1439 2535 sibi?
1480 2491 1518 2534 si
1554 2491 1715 2535 vinde-

227 2548 289 2593 Et
302 2550 493 2594 mittam
507 2550 670 2606 ignem
687 2549 734 2593 in
750 2563 937 2595 murum
1007 2549 1230 2595 miatores
1250 2549 1524 2594 introissent
1554 2550 1617 2594 ad
1648 2556 1708 2602 te,

165 2620 168 2631 ·
226 2608 400 2661 Gazae¹
439 2617 488 2654 et
521 2608 769 2653 devorabit
796 2610 939 2654 aedes
1007 2609 1242 2665 numquid
1276 2609 1443 2653 saltem
1470 2609 1714 2653 racemum

226 2669 341 2726 ejus.
414 2668 479 2713 Et
500 2667 778 2725 disperdam
805 2668 941 2714 habi·
1006 2667 1303 2725 reliquissent
1320 2668 1434 2713 tibi?
1454 2667 1714 2722 Quomodo

227 2728 431 2773 tatorem
449 2729 512 2773 de
525 2728 694 2779 Azoto,
715 2735 763 2772 et
780 2729 941 2774 tenen·
1007 2727 1203 2773 scrutati
1224 2734 1334 2772 sunt
1355 2727 1500 2778 Esau,
1526 2728 1714 2773 investi-

229 2795 325 2832 tem
341 2796 585 2846 sceptrum
602 2788 665 2832 de
680 2788 939 2834 Ascalone:
1007 2786 1241 2845 gaverunt
1276 2786 1557 2832 abscondita
1583 2789 1714 2846 ejus?

228 2854 275 2892 et
290 2849 563 2893 convertam
572 2860 771 2892 manum
785 2861 941 2893 meam
1013 2848 1181 2903 Usque
1197 2847 1260 2890 ad
1276 2846 1525 2891 terminum
1548 2849 1712 2893 emise-

229 2920 371 2965 super
389 2909 628 2960 Accaron‚
655 2914 702 2953 et
723 2907 943 2966 peribunt
1007 2914 1119 2954 runt
1135 2914 1183 2952 te
1201 2921 1211 2953 ε
1233 2918 1398 2954 omnes
1413 2907 1496 2953 viri
1511 2906 1714 2955 foederis
