2050 3392
400 235 510 290 xlii.

401 373 536 410 meus
556 372 660 406 esse
680 359 948 417 discipulus.
971 359 1046 406 Ac
1065 360 1103 406 si

400 418 565 477 aperte
586 421 732 465 dioet:
754 419 848 474 Qui
863 432 947 477 per
957 420 1105 468 vitam

403 478 607 524 veterem
637 478 793 524 aliena
813 479 1105 536 concupisci·

399 537 1105 654 ;{33553212353525⁵313333⁵

399 657 529 710 Quid
559 669 669 701 vero
699 656 750 701 in
780 656 870 706 hac
899 655 1106 703 lee'tiene

399 716 542 767 dioet,
567 714 820 760 audiemus
841 730 853 762 ς
885 716 981 771 Qui
1002 716 1102 761 vult

397 782 507 831 post
547 787 626 819 me
675 773 846 827 venire,
896 775 1104 833 abneget

396 833 718 890 semetipsum.
749 834 822 879 Ibi
842 834 1029 888 dicitur,
1050 841 1102 880 ut

396 891 689 949 abnegemus
710 901 873 939 nostra
894 908 904 940 :
927 894 1005 939 hic
1035 894 1106 939 di-

397 951 532 1004 citur,
577 959 631 997 ut
674 953 967 1011 abnegemus
997 967 1097 998 nos.

400 1010 461 1055 Et
483 1010 684 1057 fortesse
700 1012 990 1059 laboriosum
1006 1026 1105 1059 non

398 1077 471 1115 est
493 1070 674 1116 homini
697 1072 957 1130 relinquere
986 1086 1102 1119 sua:

399 1131 486 1175 sed
505 1131 645 1176 valde
690 1132 979 1179 laboriesum
1030 1140 1102 1177 est

399 1189 662 1246 relinquere
674 1190 994 1248 semetipsum.
1010 1192 1105 1236 Mi-

399 1261 490 1293 nus
529 1249 709 1306 quippe
758 1257 829 1294 est
864 1251 1105 1308 abnegare
1146 1284 1155 1291 .

398 1308 531 1364 quod
563 1308 739 1353 habet:
773 1309 912 1354 valde
940 1318 1104 1355 autem

398 1365 602 1411 multum
618 1375 702 1419 est,
716 1368 955 1425 abnegare
971 1370 1105 1427 quod

395 1434 483 1473 ἀεὶ.

450 1481 526 1542 R7.
561 1485 658 1532 Hic
678 1494 749 1532 est
769 1501 877 1533 vere
899 1488 1099 1546 Martyr,

397 1546 481 1604 qui
497 1559 586 1604 pro
601 1546 773 1592 Christi
790 1547 983 1593 nemine
997 1547 1107 1593 sen·

399 1606 593 1663 guinem
624 1619 762 1651 suum
794 1606 915 1652 fudit
937 1602 989 1653 τ’
1007 1607 1103 1662 Qui

402 1665 555 1712 minas
570 1664 787 1724 judicum
809 1679 905 1712 non
926 1666 1098 1720 timuit.

403 1740 492 1772 nec
513 1727 723 1772 terrenae
743 1727 987 1783 dignitetis
1002 1726 1107 1783 gle-

401 1786 521 1830 riam
542 1786 786 1844 quaesivit,
810 1787 897 1831 sed
912 1787 977 1831 ad
996 1799 1105 1831 coe-

400 1845 535 1890 lestia
574 1858 723 1902 regna
762 1844 987 1902 pervenit.
1033 1838 1098 1900 V.

393 1903 588 1966 Justum
620 1902 818 1948 deduxit
854 1904 989 1949 Di'ius
1022 1916 1108 1961 per

400 1962 501 2007 vias
534 1961 703 2014 redas,
729 1970 777 2007 et
808 1963 1016 2008 ostendit
1036 1965 1099 2009 illi

397 2033 597 2077 regnum
629 2020 895 2075 Dei.-Qui
931 2022 1098 2068 minas.
1196 2054 1202 2059 -
1270 2023 1312 2066 [³1

397 2079 565 2125 Gloria
586 2079 728 2126 Patri.
775 2079 869 2135 Qui
892 2081 1061 2128 minas,

622 2172 791 2219 Leefio
811 2171 872 2219 ix.

560 2259 608 2306 D
627 2273 679 2306 se
698 2268 861 2306 autem
876 2260 1015 2306 nobis
1027 2274 1107 2306 ve-

591 2320 829 2366 nientibus
867 2319 1103 2365 Deminus

400 2378 657 2438 praecepit,
691 2387 745 2425 ut
781 2379 1104 2434 renuntiemus

400 2440 595 2484 nostris:
611 2439 723 2497 quia
739 2436 1027 2496 quicumque
1040 2440 1105 2484 ad

399 2497 512 2543 fidei
543 2497 747 2556 agenem
781 2497 1007 2551 venimus,
1035 2498 1103 2543 lu·

399 2556 593 2602 e‘temen
651 2564 817 2602 contra
867 2557 1104 2614 malignos

398 2616 616 2674 spiritus.
641 2615 885 2661 sumimus.
968 2616 1104 2661 Nihil

398 2683 562 2721 autem
591 2675 790 2732 maligni
820 2675 1023 2732 Spiritus
1054 2676 1102 2720 in

399 2735 493 2779 hoc
514 2736 697 2780 mundo
716 2734 964 2791 proprium
993 2733 1103 2791 pos-

397 2792 573 2838 sident:
587 2793 703 2838 nudi
710 2806 828 2850 ergo
839 2806 949 2838 cum
963 2794 1105 2839 nudis

389 2848 567 2924 ‘iudum
609 2851 851 2900 debemus.
890 2851 1021 2900 Nam
1062 2852 1102 2902 si

722 236 1028 291 Commune
1052 236 1230 290 unius
1251 236 1556 307 Martyris.

1173 359 1369 406 vestitus
1390 360 1593 418 quisque
1612 372 1724 405 cum
1743 361 1868 406 nudo

1174 419 1392 472 metatur,
1438 419 1578 465 citius
1607 421 1672 465 ad
1701 427 1866 465 terram

1174 479 1402 536 dejicitur,
1439 480 1554 537 quia
1575 480 1720 525 habet
1747 480 1868 524 unde

1173 537 1399 584 tenedtur.
1448 538 1580 594 Quid
1610 539 1736 584 enirn
1765 545 1867 584 sunt

1173 597 1358 643 terrena
1388 597 1566 651 emnia,
1614 599 1703 644 nisi
1733 610 1869 655 quae-

1175 658 1289 702 dam
1319 657 1533 714 cerporis
1564 656 1869 703 indumenta?

1172 716 1267 771 Qui
1299 730 1414 773 ergo
1443 725 1612 762 contra
1632 716 1866 762 diabolum

1169 777 1235 821 ad
1266 775 1507 821 cei-temen
1537 776 1775 834 properat,
1798 788 1868 819 ve·

1170 835 1395 880 stimenta
1441 836 1649 893 abjiciat,
1683 848 1746 880 ne
1773 847 1868 880 suc-

1172 893 1381 939 cumbat.

1228 954 1303 998 Te
1324 953 1481 999 Deum
1513 953 1776 1000 laudemus.
1799 967 1857 1010 17.

1211 1085 1304 1130 111.
1329 1085 1490 1130 ALIA
1526 1085 1832 1133 HOMILIA.

1173 1161 1339 1208 Lee'tio
1355 1162 1509 1208 saneti
1532 1162 1773 1221 Evangelii
1800 1174 1864 1206 se·

1249 1220 1461 1267 cundum
1480 1222 1794 1269 Matthaeum.

1215 1286 1384 1335 Lec'iio
1404 1287 1483 1336 vii.
1582 1296 1694 1354 Cap.
1718 1309 1762 1340 x.
1785 1308 1819 1339 c.

1280 1369 1328 1415 N
1375 1370 1459 1416 ino
1498 1370 1712 1429 tempore
1732 1384 1744 1416 :
1790 1368 1865 1414 Di·

1177 1488 1274 1534 suis
1300 1430 1603 1534 εκιΙξΙίΙίῘίῗεὲἓῐ
1637 1429 1864 1546 ἓξὲξ-ἓξὲξ

1176 1549 1310 1605 quod
1347 1562 1445 1593 non
1487 1548 1795 1600 revelabiturt
1821 1554 1862 1591 et

1175 1606 1431 1660 occultum,
1468 1609 1603 1665 quod
1632 1620 1728 1653 non
1760 1606 1863 1652 scie-

1172 1674 1259 1713 tur.
1298 1667 1359 1712 Et
1381 1667 1573 1725 reliqua.

1233 1726 1450 1771 Homilia
1468 1727 1624 1773 saneti
1649 1726 1810 1773 Huzai-ii

1409 1786 1652 1844 Episcopi.

1179 1845 1430 1891 Commeat.
1445 1847 1502 1890 in
1520 1846 1703 1891 Matth.
1713 1852 1807 1905 cap.
1818 1858 1855 1890 κ.

1343 1909 1451 1964 post
1468 1906 1693 1952 medium.

1194 1982 1198 1985 ·
1281 2006 1290 2010 -
1353 1964 1720 2011 OMINUS
1746 1965 1860 2010 diem

1273 2079 1288 2084 p
1429 2023 1598 2081 judicii
1650 2024 1856 2074 ostendit.

1295 2097 1308 2104 Χ
1386 2126 1397 2131 ,,
1436 2095 1563 2140 quae
1608 2082 1859 2129 abstn'isam

1391 2154 1395 2185 ρ
1423 2142 1864 2189 νοίιιηῑάῑίεηοεῐιιε

1170 2200 1510 2246 conscientiam
1533 2204 1707 2259 prodet
1726 2209 1794 2247 :et
1813 2213 1862 2245 en

1170 2274 1295 2317 quae
1335 2274 1461 2306 nunc
1502 2261 1694 2308 occulta
1720 2261 1862 2307 existi·

1170 2319 1372 2372 meritur.
1428 2319 1535 2365 luce
1592 2320 1863 2379 cognitidnis

1172 2377 1390 2435 publioee
1403 2378 1610 2437 deteget.
1621 2380 1861 2439 Igiturnon

1170 2438 1341 2497 minas2
1351 2450 1447 2482 non
1461 2438 1775 2492 consilia,non
1786 2451 1863 2497 po-

1171 2497 1365 2542 testates
1396 2496 1686 2543 inseetantiu
1715 2504 1863 2543 monet

1167 2556 1863 2615 essemetuendasequiadiesju-

1171 2616 1282 2661 dicii
1297 2615 1427 2660 nulla
1435 2615 1557 2660 haec
1566 2616 1862 2674 fumatque

1174 2674 1333 2720 inenia
1352 2674 1592 2721 revelabit.
1660 2676 1724 2722 Et
1740 2675 1862 2734 quod

1170 2735 1280 2779 dico
1294 2734 1430 2779 vobis
1440 2734 1491 2778 in
1504 2734 1863 2787 tenebris‚dicite

1170 2794 1218 2838 in
1232 2792 1410 2838 lumine
1434 2807 1447 2838 :
1468 2800 1519 2837 et
1538 2795 1671 2850 quod
1694 2795 1742 2839 in
1759 2806 1863 2839 aune

1170 2852 1360 2908 auditis,
1415 2852 1693 2911 praedicem
1732 2865 1866 2911 super
