<?xml version="1.0" encoding="UTF-8"?>
<!DOCTYPE html PUBLIC "-//W3C//DTD XHTML 1.0 Transitional//EN"
    "http://www.w3.org/TR/xhtml1/DTD/xhtml1-transitional.dtd">
<html xmlns="http://www.w3.org/1999/xhtml" xml:lang="en" lang="en">
 <head>
  <title>
</title>
<meta http-equiv="Content-Type" content="text/html;charset=utf-8" />
  <meta name='ocr-system' content='tesseract 3.04.00' />
  <meta name='ocr-capabilities' content='ocr_page ocr_carea ocr_par ocr_line ocrx_word'/>
</head>
<body>
  <div class='ocr_page' id='page_1' title='image "./breviariumroman03churgoog/breviariumroman03churgoog_1004.png"; bbox 0 0 2050 3392; ppageno 0'>
   <div class='ocr_carea' id='block_1_1' title="bbox 71 221 248 228">
    <p class='ocr_par' dir='ltr' id='par_1_1' title="bbox 71 221 248 228">
     <span class='ocr_line' id='line_1_1' title="bbox 71 221 248 228; baseline -0.011 0"><span class='ocrx_word' id='word_1_1' title='bbox 71 221 248 228; x_wconf 50' lang='grc' dir='ltr'><strong>Μ</strong></span> 
     </span>
    </p>
   </div>
   <div class='ocr_carea' id='block_1_2' title="bbox 603 364 744 370">
    <p class='ocr_par' dir='ltr' id='par_1_2' title="bbox 603 364 744 370">
     <span class='ocr_line' id='line_1_2' title="bbox 603 364 744 370; baseline 0 0"><span class='ocrx_word' id='word_1_2' title='bbox 603 364 744 370; x_wconf 95' lang='lat' dir='ltr'><strong> </strong></span> 
     </span>
    </p>
   </div>
   <div class='ocr_carea' id='block_1_3' title="bbox 67 395 850 2179">
    <p class='ocr_par' dir='ltr' id='par_1_3' title="bbox 120 395 848 1051">
     <span class='ocr_line' id='line_1_3' title="bbox 122 395 846 444; baseline 0.003 -2"><span class='ocrx_word' id='word_1_3' title='bbox 122 396 346 442; x_wconf 58' lang='lat' dir='ltr'><strong>carmine</strong></span> <span class='ocrx_word' id='word_1_4' title='bbox 368 395 722 442; x_wconf 75' lang='lat' dir='ltr'><strong>laetificatt&#39;iram</strong></span> <span class='ocrx_word' id='word_1_5' title='bbox 744 412 846 444; x_wconf 88' lang='lat' dir='ltr'><strong>esse</strong></span> 
     </span>
     <span class='ocr_line' id='line_1_4' title="bbox 121 454 847 515; baseline 0.006 -15"><span class='ocrx_word' id='word_1_6' title='bbox 121 454 376 501; x_wconf 64' lang='lat' dir='ltr'><strong>civitzitem</strong></span> <span class='ocrx_word' id='word_1_7' title='bbox 388 456 490 500; x_wconf 87' lang='lat' dir='ltr'><strong>Dei.</strong></span> <span class='ocrx_word' id='word_1_8' title='bbox 520 456 677 511; x_wconf 87' lang='lat' dir='ltr'><strong>Hujus</strong></span> <span class='ocrx_word' id='word_1_9' title='bbox 690 467 847 515; x_wconf 70' lang='lat' dir='ltr'><strong>itaque</strong></span> 
     </span>
     <span class='ocr_line' id='line_1_5' title="bbox 120 515 846 574; baseline 0.003 -14"><span class='ocrx_word' id='word_1_10' title='bbox 120 515 409 561; x_wconf 80' lang='lat' dir='ltr'><strong>dulcisonos</strong></span> <span class='ocrx_word' id='word_1_11' title='bbox 450 517 731 574; x_wconf 61' lang='lat' dir='ltr'><strong>depremere</strong></span> <span class='ocrx_word' id='word_1_12' title='bbox 771 520 846 563; x_wconf 73' lang='lat' dir='ltr'><strong>vel</strong></span> 
     </span>
     <span class='ocr_line' id='line_1_6' title="bbox 122 577 844 635; baseline 0.004 -14"><span class='ocrx_word' id='word_1_13' title='bbox 122 577 401 635; x_wconf 73' lang='lat' dir='ltr'><strong>exprimere</strong></span> <span class='ocrx_word' id='word_1_14' title='bbox 414 579 636 624; x_wconf 68' lang='lat' dir='ltr'><strong>mddulos</strong></span> <span class='ocrx_word' id='word_1_15' title='bbox 644 593 703 623; x_wconf 89' lang='lat' dir='ltr'><strong>ne</strong></span> <span class='ocrx_word' id='word_1_16' title='bbox 721 579 734 623; x_wconf 93' lang='lat' dir='ltr'><strong>i</strong></span> <span class='ocrx_word' id='word_1_17' title='bbox 739 580 844 635; x_wconf 57' lang='lat' dir='ltr'><strong>psa—</strong></span> 
     </span>
     <span class='ocr_line' id='line_1_7' title="bbox 126 639 848 695; baseline 0 -12"><span class='ocrx_word' id='word_1_18' title='bbox 126 652 242 683; x_wconf 87' lang='lat' dir='ltr'><strong>rum</strong></span> <span class='ocrx_word' id='word_1_19' title='bbox 267 639 460 695; x_wconf 87' lang='lat' dir='ltr'><strong>quidem</strong></span> <span class='ocrx_word' id='word_1_20' title='bbox 490 640 726 695; x_wconf 85' lang='lat' dir='ltr'><strong>virginum</strong></span> <span class='ocrx_word' id='word_1_21' title='bbox 751 641 848 683; x_wconf 86' lang='lat' dir='ltr'>ulla</span> 
     </span>
     <span class='ocr_line' id='line_1_8' title="bbox 125 697 847 755; baseline 0 -14"><span class='ocrx_word' id='word_1_22' title='bbox 125 698 288 755; x_wconf 86' lang='lat' dir='ltr'><strong>digna</strong></span> <span class='ocrx_word' id='word_1_23' title='bbox 315 697 588 748; x_wconf 76' lang='lat' dir='ltr'><strong>invenietur,</strong></span> <span class='ocrx_word' id='word_1_24' title='bbox 614 698 729 754; x_wconf 87' lang='lat' dir='ltr'><strong>quia</strong></span> <span class='ocrx_word' id='word_1_25' title='bbox 751 698 847 741; x_wconf 76' lang='lat' dir='ltr'><strong>me-</strong></span> 
     </span>
     <span class='ocr_line' id='line_1_9' title="bbox 124 755 848 802; baseline -0.001 -1"><span class='ocrx_word' id='word_1_26' title='bbox 124 758 226 802; x_wconf 88' lang='lat' dir='ltr'><strong>rito</strong></span> <span class='ocrx_word' id='word_1_27' title='bbox 262 755 614 800; x_wconf 58' lang='lat' dir='ltr'><strong>decantandum</strong></span> <span class='ocrx_word' id='word_1_28' title='bbox 648 755 848 801; x_wconf 60' lang='lat' dir='ltr'><strong>servabi-</strong></span> 
     </span>
     <span class='ocr_line' id='line_1_10' title="bbox 127 815 841 872; baseline -0.003 -11"><span class='ocrx_word' id='word_1_29' title='bbox 127 824 214 861; x_wconf 87' lang='lat' dir='ltr'><strong>tur</strong></span> <span class='ocrx_word' id='word_1_30' title='bbox 238 815 318 865; x_wconf 86' lang='lat' dir='ltr'><strong>illi,</strong></span> <span class='ocrx_word' id='word_1_31' title='bbox 340 827 464 872; x_wconf 88' lang='lat' dir='ltr'><strong>quae</strong></span> <span class='ocrx_word' id='word_1_32' title='bbox 485 815 587 860; x_wconf 86' lang='lat' dir='ltr'><strong>sola</strong></span> <span class='ocrx_word' id='word_1_33' title='bbox 608 816 668 859; x_wconf 88' lang='lat' dir='ltr'><strong>de</strong></span> <span class='ocrx_word' id='word_1_34' title='bbox 687 823 841 872; x_wconf 86' lang='lat' dir='ltr'><strong>partu.</strong></span> 
     </span>
     <span class='ocr_line' id='line_1_11' title="bbox 124 874 841 931; baseline 0 -12"><span class='ocrx_word' id='word_1_35' title='bbox 124 883 178 919; x_wconf 83' lang='lat' dir='ltr'><strong>et</strong></span> <span class='ocrx_word' id='word_1_36' title='bbox 223 881 370 931; x_wconf 86' lang='lat' dir='ltr'><strong>partu</strong></span> <span class='ocrx_word' id='word_1_37' title='bbox 404 874 566 918; x_wconf 89' lang='lat' dir='ltr'><strong>divino</strong></span> <span class='ocrx_word' id='word_1_38' title='bbox 601 874 841 931; x_wconf 60' lang='lat' dir='ltr'><strong>gloriatur.</strong></span> 
     </span>
     <span class='ocr_line' id='line_1_12' title="bbox 126 932 843 996; baseline 0 -17"><span class='ocrx_word' id='word_1_39' title='bbox 126 932 394 985; x_wconf 57' lang='lat' dir='ltr'><strong>Gloriatur,</strong></span> <span class='ocrx_word' id='word_1_40' title='bbox 440 933 553 984; x_wconf 85' lang='lat' dir='ltr'><strong>dixi,</strong></span> <span class='ocrx_word' id='word_1_41' title='bbox 589 934 651 979; x_wconf 90' lang='lat' dir='ltr'><strong>de</strong></span> <span class='ocrx_word' id='word_1_42' title='bbox 690 942 843 996; x_wconf 81' lang='lat' dir='ltr'><strong>partu,</strong></span> 
     </span>
     <span class='ocr_line' id='line_1_13' title="bbox 127 992 846 1051; baseline 0 -14"><span class='ocrx_word' id='word_1_43' title='bbox 127 1007 234 1038; x_wconf 93' lang='lat' dir='ltr'><strong>non</strong></span> <span class='ocrx_word' id='word_1_44' title='bbox 251 993 299 1036; x_wconf 91' lang='lat' dir='ltr'><strong>in</strong></span> <span class='ocrx_word' id='word_1_45' title='bbox 318 1005 381 1044; x_wconf 91' lang='lat' dir='ltr'><strong>se,</strong></span> <span class='ocrx_word' id='word_1_46' title='bbox 403 992 487 1037; x_wconf 88' lang='lat' dir='ltr'><strong>sed</strong></span> <span class='ocrx_word' id='word_1_47' title='bbox 500 993 547 1037; x_wconf 91' lang='lat' dir='ltr'><strong>in</strong></span> <span class='ocrx_word' id='word_1_48' title='bbox 565 993 684 1051; x_wconf 89' lang='lat' dir='ltr'><strong>ipso,</strong></span> <span class='ocrx_word' id='word_1_49' title='bbox 706 1006 846 1050; x_wconf 87' lang='lat' dir='ltr'><strong>quem</strong></span> 
     </span>
    </p>

    <p class='ocr_par' dir='ltr' id='par_1_4' title="bbox 195 1052 842 1110">
     <span class='ocr_line' id='line_1_14' title="bbox 195 1052 842 1110; baseline 0.002 -15"><span class='ocrx_word' id='word_1_50' title='bbox 195 1052 335 1109; x_wconf 84' lang='lat' dir='ltr'><strong>perit.</strong></span> <span class='ocrx_word' id='word_1_51' title='bbox 420 1052 552 1096; x_wconf 90' lang='lat' dir='ltr'><strong>Deus</strong></span> <span class='ocrx_word' id='word_1_52' title='bbox 594 1052 842 1110; x_wconf 77' lang='lat' dir='ltr'>siquidem,</span> 
     </span>
    </p>

    <p class='ocr_par' dir='ltr' id='par_1_5' title="bbox 119 1110 850 1584">
     <span class='ocr_line' id='line_1_15' title="bbox 180 1110 847 1168; baseline 0 -13"><span class='ocrx_word' id='word_1_53' title='bbox 180 1123 274 1155; x_wconf 90' lang='lat' dir='ltr'><strong>eus</strong></span> <span class='ocrx_word' id='word_1_54' title='bbox 294 1110 419 1154; x_wconf 89' lang='lat' dir='ltr'><strong>enim</strong></span> <span class='ocrx_word' id='word_1_55' title='bbox 436 1117 522 1160; x_wconf 89' lang='lat' dir='ltr'><strong>est,</strong></span> <span class='ocrx_word' id='word_1_56' title='bbox 543 1123 684 1164; x_wconf 88' lang='lat' dir='ltr'><strong>quem</strong></span> <span class='ocrx_word' id='word_1_57' title='bbox 708 1110 847 1168; x_wconf 75' lang='lat' dir='ltr'><strong>pepe·</strong></span> 
     </span>
     <span class='ocr_line' id='line_1_16' title="bbox 126 1168 846 1220; baseline 0.004 -7"><span class='ocrx_word' id='word_1_58' title='bbox 126 1168 206 1220; x_wconf 88' lang='lat' dir='ltr'><strong>rit,</strong></span> <span class='ocrx_word' id='word_1_59' title='bbox 235 1168 445 1212; x_wconf 86' lang='lat' dir='ltr'><strong>Matrem</strong></span> <span class='ocrx_word' id='word_1_60' title='bbox 469 1181 603 1213; x_wconf 86' lang='lat' dir='ltr'><strong>suam</strong></span> <span class='ocrx_word' id='word_1_61' title='bbox 627 1171 674 1213; x_wconf 89' lang='lat' dir='ltr'><strong>in</strong></span> <span class='ocrx_word' id='word_1_62' title='bbox 695 1172 846 1215; x_wconf 88' lang='lat' dir='ltr'><strong>coele-</strong></span> 
     </span>
     <span class='ocr_line' id='line_1_17' title="bbox 119 1229 850 1292; baseline 0.004 -18"><span class='ocrx_word' id='word_1_63' title='bbox 119 1230 291 1292; x_wconf 85' lang='lat' dir='ltr'><strong>¹stibus</strong></span> <span class='ocrx_word' id='word_1_64' title='bbox 367 1229 631 1276; x_wconf 73' lang='lat' dir='ltr'><strong>donatiirus</strong></span> <span class='ocrx_word' id='word_1_65' title='bbox 697 1231 850 1288; x_wconf 72' lang='lat' dir='ltr'><strong>gldria</strong></span> 
     </span>
     <span class='ocr_line' id='line_1_18' title="bbox 126 1289 845 1347; baseline 0.001 -13"><span class='ocrx_word' id='word_1_66' title='bbox 126 1289 379 1347; x_wconf 57' lang='lat' dir='ltr'><strong>singulfiri,</strong></span> <span class='ocrx_word' id='word_1_67' title='bbox 414 1289 460 1333; x_wconf 88' lang='lat' dir='ltr'><strong>in</strong></span> <span class='ocrx_word' id='word_1_68' title='bbox 495 1290 624 1334; x_wconf 86' lang='lat' dir='ltr'><strong>terris</strong></span> <span class='ocrx_word' id='word_1_69' title='bbox 657 1302 845 1346; x_wconf 83' lang='lat' dir='ltr'><strong>praeve-</strong></span> 
     </span>
     <span class='ocr_line' id='line_1_19' title="bbox 127 1348 844 1406; baseline 0 -13"><span class='ocrx_word' id='word_1_70' title='bbox 127 1350 237 1394; x_wconf 90' lang='lat' dir='ltr'><strong>nire</strong></span> <span class='ocrx_word' id='word_1_71' title='bbox 267 1348 444 1394; x_wconf 59' lang='lat' dir='ltr'><strong>curavit</strong></span> <span class='ocrx_word' id='word_1_72' title='bbox 473 1357 518 1393; x_wconf 88' lang='lat' dir='ltr'><strong>et</strong></span> <span class='ocrx_word' id='word_1_73' title='bbox 539 1348 705 1406; x_wconf 58' lang='lat' dir='ltr'><strong>gretia,</strong></span> <span class='ocrx_word' id='word_1_74' title='bbox 732 1349 844 1406; x_wconf 86' lang='lat' dir='ltr'><strong>quia</strong></span> 
     </span>
     <span class='ocr_line' id='line_1_20' title="bbox 126 1407 845 1460; baseline 0.001 -8"><span class='ocrx_word' id='word_1_75' title='bbox 126 1408 350 1453; x_wconf 75' lang='lat' dir='ltr'><strong>videlicet</strong></span> <span class='ocrx_word' id='word_1_76' title='bbox 373 1407 681 1460; x_wconf 82' lang='lat' dir='ltr'><strong>ineffabiliter,</strong></span> <span class='ocrx_word' id='word_1_77' title='bbox 708 1416 753 1453; x_wconf 89' lang='lat' dir='ltr'><strong>et</strong></span> <span class='ocrx_word' id='word_1_78' title='bbox 777 1409 845 1453; x_wconf 91' lang='lat' dir='ltr'><strong>in-</strong></span> 
     </span>
     <span class='ocr_line' id='line_1_21' title="bbox 126 1467 843 1526; baseline -0.001 -13"><span class='ocrx_word' id='word_1_79' title='bbox 126 1467 267 1513; x_wconf 65' lang='lat' dir='ltr'><strong>tdcsta</strong></span> <span class='ocrx_word' id='word_1_80' title='bbox 288 1468 571 1525; x_wconf 86' lang='lat' dir='ltr'><strong>conciperet,</strong></span> <span class='ocrx_word' id='word_1_81' title='bbox 592 1474 639 1513; x_wconf 88' lang='lat' dir='ltr'><strong>et</strong></span> <span class='ocrx_word' id='word_1_82' title='bbox 659 1467 843 1526; x_wconf 60' lang='lat' dir='ltr'><strong>pateret</strong></span> 
     </span>
     <span class='ocr_line' id='line_1_22' title="bbox 125 1526 421 1584; baseline 0.003 -13"><span class='ocrx_word' id='word_1_83' title='bbox 125 1526 421 1584; x_wconf 69' lang='lat' dir='ltr'><strong>incorrifipta.</strong></span> 
     </span>
    </p>

    <p class='ocr_par' dir='ltr' id='par_1_6' title="bbox 67 1584 847 2179">
     <span class='ocr_line' id='line_1_23' title="bbox 197 1584 845 1690; baseline -0.003 -58"><span class='ocrx_word' id='word_1_84' title='bbox 197 1587 274 1690; x_wconf 52' lang='lat'><strong>17.</strong></span> <span class='ocrx_word' id='word_1_85' title='bbox 307 1584 587 1643; x_wconf 73' lang='lat' dir='ltr'><strong>Egredietur</strong></span> <span class='ocrx_word' id='word_1_86' title='bbox 617 1584 750 1642; x_wconf 86' lang='lat' dir='ltr'><strong>virga</strong></span> <span class='ocrx_word' id='word_1_87' title='bbox 785 1586 845 1630; x_wconf 92' lang='lat' dir='ltr'><strong>de</strong></span> 
     </span>
     <span class='ocr_line' id='line_1_24' title="bbox 125 1644 847 1709; baseline -0.004 -17"><span class='ocrx_word' id='word_1_88' title='bbox 125 1646 218 1692; x_wconf 85' lang='lat' dir='ltr'><strong>rad</strong></span> <span class='ocrx_word' id='word_1_89' title='bbox 240 1659 297 1691; x_wconf 90' lang='lat' dir='ltr'><strong>ce</strong></span> <span class='ocrx_word' id='word_1_90' title='bbox 319 1645 468 1709; x_wconf 87' lang='lat' dir='ltr'><strong>Jesse,</strong></span> <span class='ocrx_word' id='word_1_91' title='bbox 495 1653 540 1690; x_wconf 89' lang='lat' dir='ltr'><strong>et</strong></span> <span class='ocrx_word' id='word_1_92' title='bbox 568 1644 658 1689; x_wconf 90' lang='lat' dir='ltr'><strong>flos</strong></span> <span class='ocrx_word' id='word_1_93' title='bbox 685 1645 747 1689; x_wconf 90' lang='lat' dir='ltr'><strong>de</strong></span> <span class='ocrx_word' id='word_1_94' title='bbox 773 1658 847 1689; x_wconf 85' lang='lat' dir='ltr'><strong>ra-</strong></span> 
     </span>
     <span class='ocr_line' id='line_1_25' title="bbox 127 1703 846 1763; baseline -0.004 -12"><span class='ocrx_word' id='word_1_95' title='bbox 127 1707 240 1751; x_wconf 87' lang='lat' dir='ltr'><strong>dice</strong></span> <span class='ocrx_word' id='word_1_96' title='bbox 261 1706 368 1763; x_wconf 85' lang='lat' dir='ltr'><strong>ejus</strong></span> <span class='ocrx_word' id='word_1_97' title='bbox 388 1704 611 1749; x_wconf 75' lang='lat' dir='ltr'><strong>ascendet</strong></span> <span class='ocrx_word' id='word_1_98' title='bbox 639 1718 649 1748; x_wconf 78' lang='lat' dir='ltr'><em>z</em></span> <span class='ocrx_word' id='word_1_99' title='bbox 673 1703 698 1726; x_wconf 70' lang='lat'>¹</span> <span class='ocrx_word' id='word_1_100' title='bbox 722 1704 846 1749; x_wconf 86' lang='lat' dir='ltr'><strong>Ecce</strong></span> 
     </span>
     <span class='ocr_line' id='line_1_26' title="bbox 67 1762 845 1823; baseline -0.004 -12"><span class='ocrx_word' id='word_1_101' title='bbox 67 1792 68 1811; x_wconf 59' lang='lat'><em>÷</em></span> <span class='ocrx_word' id='word_1_102' title='bbox 125 1765 287 1823; x_wconf 84' lang='lat' dir='ltr'><strong>Virgo</strong></span> <span class='ocrx_word' id='word_1_103' title='bbox 324 1763 573 1821; x_wconf 87' lang='lat' dir='ltr'><strong>concipiet,</strong></span> <span class='ocrx_word' id='word_1_104' title='bbox 613 1770 660 1808; x_wconf 89' lang='lat' dir='ltr'><strong>et</strong></span> <span class='ocrx_word' id='word_1_105' title='bbox 695 1762 845 1821; x_wconf 59' lang='lat' dir='ltr'><strong>periet</strong></span> 
     </span>
     <span class='ocr_line' id='line_1_27' title="bbox 128 1822 843 1874; baseline -0.004 -5"><span class='ocrx_word' id='word_1_106' title='bbox 128 1824 328 1874; x_wconf 89' lang='lat' dir='ltr'><strong>Filium,</strong></span> <span class='ocrx_word' id='word_1_107' title='bbox 347 1831 393 1868; x_wconf 88' lang='lat' dir='ltr'><strong>et</strong></span> <span class='ocrx_word' id='word_1_108' title='bbox 409 1822 657 1867; x_wconf 52' lang='lat' dir='ltr'><strong>vowebitur</strong></span> <span class='ocrx_word' id='word_1_109' title='bbox 671 1835 843 1867; x_wconf 89' lang='lat' dir='ltr'><strong>nomen</strong></span> 
     </span>
     <span class='ocr_line' id='line_1_28' title="bbox 125 1879 844 1944; baseline -0.004 -15"><span class='ocrx_word' id='word_1_110' title='bbox 125 1884 235 1940; x_wconf 86' lang='lat' dir='ltr'><strong>ejus</strong></span> <span class='ocrx_word' id='word_1_111' title='bbox 251 1881 552 1927; x_wconf 63' lang='lat' dir='ltr'><strong>Emmenuel.</strong></span> <span class='ocrx_word' id='word_1_112' title='bbox 590 1879 844 1944; x_wconf 63' lang='lat' dir='ltr'><strong>V.Joseph</strong></span> 
     </span>
     <span class='ocr_line' id='line_1_29' title="bbox 128 1939 845 1986; baseline -0.001 0"><span class='ocrx_word' id='word_1_113' title='bbox 128 1943 194 1986; x_wconf 86' lang='lat' dir='ltr'><strong>fili</strong></span> <span class='ocrx_word' id='word_1_114' title='bbox 220 1942 383 1986; x_wconf 87' lang='lat' dir='ltr'><strong>David</strong></span> <span class='ocrx_word' id='word_1_115' title='bbox 402 1941 499 1986; x_wconf 90' lang='lat' dir='ltr'><strong>noli</strong></span> <span class='ocrx_word' id='word_1_116' title='bbox 528 1939 694 1985; x_wconf 77' lang='lat' dir='ltr'><strong>timere</strong></span> <span class='ocrx_word' id='word_1_117' title='bbox 721 1941 845 1986; x_wconf 85' lang='lat' dir='ltr'><strong>acci-</strong></span> 
     </span>
     <span class='ocr_line' id='line_1_30' title="bbox 127 1999 843 2059; baseline 0 -14"><span class='ocrx_word' id='word_1_118' title='bbox 127 2014 246 2059; x_wconf 88' lang='lat' dir='ltr'><strong>pere</strong></span> <span class='ocrx_word' id='word_1_119' title='bbox 271 2000 477 2045; x_wconf 85' lang='lat' dir='ltr'><strong>Mariam</strong></span> <span class='ocrx_word' id='word_1_120' title='bbox 497 1999 749 2058; x_wconf 69' lang='lat' dir='ltr'><strong>cdnjugern</strong></span> <span class='ocrx_word' id='word_1_121' title='bbox 772 2008 843 2045; x_wconf 91' lang='lat' dir='ltr'><strong>tu-</strong></span> 
     </span>
     <span class='ocr_line' id='line_1_31' title="bbox 127 2060 842 2118; baseline -0.001 -13"><span class='ocrx_word' id='word_1_122' title='bbox 127 2074 227 2112; x_wconf 87' lang='lat' dir='ltr'><strong>am,</strong></span> <span class='ocrx_word' id='word_1_123' title='bbox 246 2060 383 2118; x_wconf 90' lang='lat' dir='ltr'>quod</span> <span class='ocrx_word' id='word_1_124' title='bbox 399 2060 523 2104; x_wconf 90' lang='lat' dir='ltr'><strong>enim</strong></span> <span class='ocrx_word' id='word_1_125' title='bbox 541 2060 589 2104; x_wconf 91' lang='lat' dir='ltr'><strong>in</strong></span> <span class='ocrx_word' id='word_1_126' title='bbox 604 2072 662 2105; x_wconf 60' lang='lat' dir='ltr'><strong>&amp;a</strong></span> <span class='ocrx_word' id='word_1_127' title='bbox 678 2068 842 2104; x_wconf 85' lang='lat' dir='ltr'><strong>natum</strong></span> 
     </span>
     <span class='ocr_line' id='line_1_32' title="bbox 69 2117 844 2179; baseline 0 -14"><span class='ocrx_word' id='word_1_128' title='bbox 69 2144 72 2153; x_wconf 94' lang='lat'>·</span> <span class='ocrx_word' id='word_1_129' title='bbox 128 2127 213 2171; x_wconf 87' lang='lat' dir='ltr'><strong>est,</strong></span> <span class='ocrx_word' id='word_1_130' title='bbox 236 2121 300 2165; x_wconf 88' lang='lat' dir='ltr'><strong>de</strong></span> <span class='ocrx_word' id='word_1_131' title='bbox 315 2118 494 2179; x_wconf 91' lang='lat' dir='ltr'><strong>Spiritu</strong></span> <span class='ocrx_word' id='word_1_132' title='bbox 509 2117 677 2165; x_wconf 61' lang='lat' dir='ltr'><strong>saneto</strong></span> <span class='ocrx_word' id='word_1_133' title='bbox 692 2126 844 2165; x_wconf 83' lang='lat' dir='ltr'><strong>est.—</strong></span> 
     </span>
    </p>
   </div>
   <div class='ocr_carea' id='block_1_4' title="bbox 68 2162 274 2321">
    <p class='ocr_par' dir='ltr' id='par_1_7' title="bbox 68 2162 274 2321">
     <span class='ocr_line' id='line_1_33' title="bbox 68 2162 274 2321; baseline 0 -94"><span class='ocrx_word' id='word_1_134' title='bbox 68 2162 73 2321; x_wconf 68' lang='lat' dir='ltr'><strong>j</strong></span> <span class='ocrx_word' id='word_1_135' title='bbox 130 2179 274 2227; x_wconf 84' lang='lat' dir='ltr'><strong>Ecce.</strong></span> 
     </span>
    </p>
   </div>
   <div class='ocr_carea' id='block_1_5' title="bbox 67 1603 70 2130">
    <p class='ocr_par' dir='ltr' id='par_1_8' title="bbox 67 1603 70 2130">
     <span class='ocr_line' id='line_1_34' title="bbox 67 1603 70 2130; baseline 0 0"><span class='ocrx_word' id='word_1_136' title='bbox 67 1603 70 2130; x_wconf 95' lang='lat' dir='ltr'><strong> </strong></span> 
     </span>
    </p>
   </div>
   <div class='ocr_carea' id='block_1_6' title="bbox 69 2268 844 2765">
    <p class='ocr_par' dir='ltr' id='par_1_9' title="bbox 351 2268 625 2317">
     <span class='ocr_line' id='line_1_35' title="bbox 351 2268 625 2317; baseline -0.015 0"><span class='ocrx_word' id='word_1_137' title='bbox 351 2268 515 2317; x_wconf 60' lang='lat' dir='ltr'><strong>Lec‘tio</strong></span> <span class='ocrx_word' id='word_1_138' title='bbox 535 2269 625 2314; x_wconf 81' lang='lat' dir='ltr'><strong>viii.</strong></span> 
     </span>
    </p>

    <p class='ocr_par' dir='ltr' id='par_1_10' title="bbox 69 2332 841 2421">
     <span class='ocr_line' id='line_1_36' title="bbox 69 2332 841 2421; baseline -0.005 -16"><span class='ocrx_word' id='word_1_139' title='bbox 69 2332 74 2421; x_wconf 60' lang='lat' dir='ltr'><strong>i</strong></span> <span class='ocrx_word' id='word_1_140' title='bbox 288 2357 444 2404; x_wconf 89' lang='lat' dir='ltr'><strong>EUM</strong></span> <span class='ocrx_word' id='word_1_141' title='bbox 465 2355 738 2415; x_wconf 67' lang='lat' dir='ltr'><strong>hujfismodi</strong></span> <span class='ocrx_word' id='word_1_142' title='bbox 761 2357 841 2402; x_wconf 90' lang='lat' dir='ltr'><strong>de-</strong></span> 
     </span>
    </p>

    <p class='ocr_par' dir='ltr' id='par_1_11' title="bbox 71 2416 842 2472">
     <span class='ocr_line' id='line_1_37' title="bbox 71 2416 842 2472; baseline -0.006 -7"><span class='ocrx_word' id='word_1_143' title='bbox 71 2438 74 2449; x_wconf 56' lang='lat'><em>&gt;</em></span> <span class='ocrx_word' id='word_1_144' title='bbox 316 2418 454 2464; x_wconf 75' lang='lat' dir='ltr'><strong>cebat</strong></span> <span class='ocrx_word' id='word_1_145' title='bbox 486 2416 719 2467; x_wconf 74' lang='lat' dir='ltr'><strong>nativitas,</strong></span> <span class='ocrx_word' id='word_1_146' title='bbox 746 2428 842 2472; x_wconf 87' lang='lat' dir='ltr'><strong>qua</strong></span> 
     </span>
    </p>

    <p class='ocr_par' dir='ltr' id='par_1_12' title="bbox 71 2476 844 2765">
     <span class='ocr_line' id='line_1_38' title="bbox 71 2476 842 2532; baseline -0.006 -9"><span class='ocrx_word' id='word_1_147' title='bbox 71 2480 74 2499; x_wconf 84' lang='lat'>&#39;</span> <span class='ocrx_word' id='word_1_148' title='bbox 132 2477 325 2523; x_wconf 89' lang='lat' dir='ltr'><strong>nonnisi</strong></span> <span class='ocrx_word' id='word_1_149' title='bbox 358 2478 418 2522; x_wconf 91' lang='lat' dir='ltr'><strong>de</strong></span> <span class='ocrx_word' id='word_1_150' title='bbox 448 2476 643 2532; x_wconf 85' lang='lat' dir='ltr'><strong>Virgine</strong></span> <span class='ocrx_word' id='word_1_151' title='bbox 680 2488 842 2519; x_wconf 88' lang='lat' dir='ltr'><strong>nasce-</strong></span> 
     </span>
     <span class='ocr_line' id='line_1_39' title="bbox 131 2534 842 2592; baseline -0.006 -9"><span class='ocrx_word' id='word_1_152' title='bbox 131 2536 275 2583; x_wconf 74' lang='lat' dir='ltr'><strong>retur.</strong></span> <span class='ocrx_word' id='word_1_153' title='bbox 331 2536 463 2581; x_wconf 86' lang='lat' dir='ltr'><strong>Talis</strong></span> <span class='ocrx_word' id='word_1_154' title='bbox 483 2534 775 2592; x_wconf 75' lang='lat' dir='ltr'><strong>congruebat</strong></span> <span class='ocrx_word' id='word_1_155' title='bbox 796 2542 842 2579; x_wconf 90' lang='lat' dir='ltr'><strong>et</strong></span> 
     </span>
     <span class='ocr_line' id='line_1_40' title="bbox 132 2592 841 2654; baseline -0.004 -14"><span class='ocrx_word' id='word_1_156' title='bbox 132 2595 318 2654; x_wconf 88' lang='lat' dir='ltr'><strong>Virgini</strong></span> <span class='ocrx_word' id='word_1_157' title='bbox 349 2604 526 2654; x_wconf 81' lang='lat' dir='ltr'><strong>partus,</strong></span> <span class='ocrx_word' id='word_1_158' title='bbox 553 2602 604 2639; x_wconf 89' lang='lat' dir='ltr'><strong>ut</strong></span> <span class='ocrx_word' id='word_1_159' title='bbox 633 2607 729 2638; x_wconf 91' lang='lat' dir='ltr'><strong>non</strong></span> <span class='ocrx_word' id='word_1_160' title='bbox 759 2592 841 2651; x_wconf 72' lang='grc' dir='ltr'><strong>ρά-</strong></span> 
     </span>
     <span class='ocr_line' id='line_1_41' title="bbox 131 2652 844 2707; baseline -0.004 -8"><span class='ocrx_word' id='word_1_161' title='bbox 131 2664 268 2707; x_wconf 86' lang='lat' dir='ltr'><strong>reret,</strong></span> <span class='ocrx_word' id='word_1_162' title='bbox 295 2656 382 2701; x_wconf 90' lang='lat' dir='ltr'><strong>nisi</strong></span> <span class='ocrx_word' id='word_1_163' title='bbox 406 2654 579 2699; x_wconf 87' lang='lat' dir='ltr'><strong>Deum.</strong></span> <span class='ocrx_word' id='word_1_164' title='bbox 639 2652 844 2697; x_wconf 86' lang='lat' dir='ltr'><strong>Proinde</strong></span> 
     </span>
     <span class='ocr_line' id='line_1_42' title="bbox 137 2712 843 2765; baseline -0.001 -8"><span class='ocrx_word' id='word_1_165' title='bbox 137 2713 312 2760; x_wconf 70' lang='lat' dir='ltr'><strong>Fad’tor</strong></span> <span class='ocrx_word' id='word_1_166' title='bbox 331 2713 595 2765; x_wconf 71' lang='lat' dir='ltr'><strong>hdminum,</strong></span> <span class='ocrx_word' id='word_1_167' title='bbox 621 2719 674 2758; x_wconf 88' lang='lat' dir='ltr'><strong>ut</strong></span> <span class='ocrx_word' id='word_1_168' title='bbox 694 2712 843 2757; x_wconf 88' lang='lat' dir='ltr'><strong>homo</strong></span> 
     </span>
    </p>
   </div>
   <div class='ocr_carea' id='block_1_7' title="bbox 75 2770 842 2879">
    <p class='ocr_par' dir='ltr' id='par_1_13' title="bbox 75 2770 842 2879">
     <span class='ocr_line' id='line_1_43' title="bbox 133 2770 837 2820; baseline -0.006 -2"><span class='ocrx_word' id='word_1_169' title='bbox 133 2771 268 2819; x_wconf 73' lang='lat' dir='ltr'><strong>fieret</strong></span> <span class='ocrx_word' id='word_1_170' title='bbox 284 2772 548 2819; x_wconf 71' lang='lat' dir='ltr'><strong>nascin&#39;irus</strong></span> <span class='ocrx_word' id='word_1_171' title='bbox 555 2773 615 2818; x_wconf 89' lang='lat' dir='ltr'><strong>de</strong></span> <span class='ocrx_word' id='word_1_172' title='bbox 629 2770 759 2817; x_wconf 68' lang='lat' dir='ltr'><strong>hdmi</strong></span> <span class='ocrx_word' id='word_1_173' title='bbox 765 2783 837 2820; x_wconf 89' lang='lat' dir='ltr'><strong>ne.</strong></span> 
     </span>
     <span class='ocr_line' id='line_1_44' title="bbox 75 2829 842 2879; baseline -0.005 -1"><span class='ocrx_word' id='word_1_174' title='bbox 75 2860 80 2879; x_wconf 79' lang='grc'>.</span> <span class='ocrx_word' id='word_1_175' title='bbox 134 2832 278 2877; x_wconf 83' lang='lat' dir='ltr'><strong>talem</strong></span> <span class='ocrx_word' id='word_1_176' title='bbox 288 2833 376 2878; x_wconf 89' lang='lat' dir='ltr'><strong>sibi</strong></span> <span class='ocrx_word' id='word_1_177' title='bbox 384 2846 442 2877; x_wconf 85' lang='lat' dir='ltr'><strong>ex</strong></span> <span class='ocrx_word' id='word_1_178' title='bbox 450 2831 672 2878; x_wconf 76' lang='lat' dir='ltr'><strong>dmnibus</strong></span> <span class='ocrx_word' id='word_1_179' title='bbox 679 2829 842 2876; x_wconf 73' lang='lat' dir='ltr'><strong>debuit</strong></span> 
     </span>
    </p>
   </div>
   <div class='ocr_carea' id='block_1_8' title="bbox 749 364 902 368">
    <p class='ocr_par' dir='ltr' id='par_1_14' title="bbox 749 364 902 368">
     <span class='ocr_line' id='line_1_45' title="bbox 749 364 902 368; baseline 0 0"><span class='ocrx_word' id='word_1_180' title='bbox 749 364 902 368; x_wconf 95' lang='lat' dir='ltr'><strong> </strong></span> 
     </span>
    </p>
   </div>
   <div class='ocr_carea' id='block_1_9' title="bbox 1562 234 1698 278">
    <p class='ocr_par' dir='ltr' id='par_1_15' title="bbox 1562 234 1698 278">
     <span class='ocr_line' id='line_1_46' title="bbox 1562 234 1698 278; baseline 0 -35"><span class='ocrx_word' id='word_1_181' title='bbox 1562 234 1698 278; x_wconf 37' lang='grc' dir='ltr'><strong>ἡ</strong></span> 
     </span>
    </p>
   </div>
   <div class='ocr_carea' id='block_1_10' title="bbox 282 223 1696 333">
    <p class='ocr_par' dir='ltr' id='par_1_16' title="bbox 282 223 1696 333">
     <span class='ocr_line' id='line_1_47' title="bbox 282 223 1696 333; baseline 0.004 -20"><span class='ocrx_word' id='word_1_182' title='bbox 282 223 510 316; x_wconf 57' lang='lat' dir='ltr'><strong>bomin.</strong></span> <span class='ocrx_word' id='word_1_183' title='bbox 531 262 642 316; x_wconf 91' lang='lat' dir='ltr'><em>III.</em></span> <span class='ocrx_word' id='word_1_184' title='bbox 669 262 801 333; x_wconf 63' lang='lat' dir='ltr'><strong>Oea,</strong></span> <span class='ocrx_word' id='word_1_185' title='bbox 827 264 1116 318; x_wconf 73' lang='lat' dir='ltr'><strong>paritatis</strong></span> <span class='ocrx_word' id='word_1_186' title='bbox 1140 264 1206 317; x_wconf 90' lang='lat' dir='ltr'><strong>B.</strong></span> <span class='ocrx_word' id='word_1_187' title='bbox 1232 264 1319 318; x_wconf 87' lang='lat' dir='ltr'><strong>M.</strong></span> <span class='ocrx_word' id='word_1_188' title='bbox 1351 264 1407 318; x_wconf 70' lang='grc' dir='ltr'>Γ</span> <span class='ocrx_word' id='word_1_189' title='bbox 1456 229 1615 320; x_wconf 50' lang='lat' dir='ltr'><strong>{Eira</strong></span> <span class='ocrx_word' id='word_1_190' title='bbox 1690 282 1696 300; x_wconf 80' lang='lat'>¹</span> 
     </span>
    </p>
   </div>
   <div class='ocr_carea' id='block_1_11' title="bbox 1090 365 1249 370">
    <p class='ocr_par' dir='ltr' id='par_1_17' title="bbox 1090 365 1249 370">
     <span class='ocr_line' id='line_1_48' title="bbox 1090 365 1249 370; baseline 0 0"><span class='ocrx_word' id='word_1_191' title='bbox 1090 365 1249 370; x_wconf 95' lang='lat' dir='ltr'><strong> </strong></span> 
     </span>
    </p>
   </div>
   <div class='ocr_carea' id='block_1_12' title="bbox 912 400 1619 637">
    <p class='ocr_par' dir='ltr' id='par_1_18' title="bbox 912 400 1619 637">
     <span class='ocr_line' id='line_1_49' title="bbox 913 400 1618 459; baseline -0.001 -13"><span class='ocrx_word' id='word_1_192' title='bbox 913 409 1049 453; x_wconf 80' lang='lat' dir='ltr'><strong>trem,</strong></span> <span class='ocrx_word' id='word_1_193' title='bbox 1073 400 1265 459; x_wconf 86' lang='lat' dir='ltr'><strong>qualem</strong></span> <span class='ocrx_word' id='word_1_194' title='bbox 1294 408 1341 446; x_wconf 88' lang='lat' dir='ltr'><strong>et</strong></span> <span class='ocrx_word' id='word_1_195' title='bbox 1371 413 1423 446; x_wconf 87' lang='lat' dir='ltr'><strong>se</strong></span> <span class='ocrx_word' id='word_1_196' title='bbox 1454 401 1618 446; x_wconf 77' lang='lat' dir='ltr'><strong>decere</strong></span> 
     </span>
     <span class='ocr_line' id='line_1_50' title="bbox 912 460 1619 518; baseline -0.001 -12"><span class='ocrx_word' id='word_1_197' title='bbox 912 461 1104 512; x_wconf 80' lang='lat' dir='ltr'><strong>sciebat.</strong></span> <span class='ocrx_word' id='word_1_198' title='bbox 1130 469 1176 506; x_wconf 87' lang='lat' dir='ltr'><strong>et</strong></span> <span class='ocrx_word' id='word_1_199' title='bbox 1198 462 1285 505; x_wconf 91' lang='lat' dir='ltr'><strong>sibi</strong></span> <span class='ocrx_word' id='word_1_200' title='bbox 1307 460 1499 505; x_wconf 71' lang='lat' dir='ltr'><strong>ndverat</strong></span> <span class='ocrx_word' id='word_1_201' title='bbox 1522 460 1619 518; x_wconf 88' lang='lat' dir='ltr'>pla-</span> 
     </span>
     <span class='ocr_line' id='line_1_51' title="bbox 912 519 1619 576; baseline -0.001 -13"><span class='ocrx_word' id='word_1_202' title='bbox 912 519 1127 566; x_wconf 69' lang='lat' dir='ltr'><strong>ciu&#39;irarn.</strong></span> <span class='ocrx_word' id='word_1_203' title='bbox 1155 520 1317 565; x_wconf 74' lang='lat' dir='ltr'><strong>leuit</strong></span> <span class='ocrx_word' id='word_1_204' title='bbox 1339 520 1497 576; x_wconf 84' lang='lat' dir='ltr'><strong>itaque</strong></span> <span class='ocrx_word' id='word_1_205' title='bbox 1517 533 1619 563; x_wconf 85' lang='lat' dir='ltr'><strong>esse</strong></span> 
     </span>
     <span class='ocr_line' id='line_1_52' title="bbox 912 580 1619 637; baseline -0.001 -14"><span class='ocrx_word' id='word_1_206' title='bbox 912 580 1174 637; x_wconf 74' lang='lat' dir='ltr'><strong>Virginem,</strong></span> <span class='ocrx_word' id='word_1_207' title='bbox 1201 580 1261 623; x_wconf 89' lang='lat' dir='ltr'><strong>de</strong></span> <span class='ocrx_word' id='word_1_208' title='bbox 1275 592 1372 636; x_wconf 89' lang='lat' dir='ltr'><strong>qua</strong></span> <span class='ocrx_word' id='word_1_209' title='bbox 1394 580 1619 622; x_wconf 84' lang='lat' dir='ltr'><strong>immacu-</strong></span> 
     </span>
    </p>
   </div>
   <div class='ocr_carea' id='block_1_13' title="bbox 913 637 1623 694">
    <p class='ocr_par' dir='ltr' id='par_1_19' title="bbox 913 637 1623 694">
     <span class='ocr_line' id='line_1_53' title="bbox 913 637 1623 694; baseline -0.003 -11"><span class='ocrx_word' id='word_1_210' title='bbox 913 638 1012 683; x_wconf 58' lang='lat' dir='ltr'><strong>lata</strong></span> <span class='ocrx_word' id='word_1_211' title='bbox 1032 638 1362 683; x_wconf 57' lang='lat' dir='ltr'><strong>immaculatus</strong></span> <span class='ocrx_word' id='word_1_212' title='bbox 1395 637 1623 694; x_wconf 79' lang='lat' dir='ltr'><strong>procede-</strong></span> 
     </span>
    </p>
   </div>
   <div class='ocr_carea' id='block_1_14' title="bbox 907 697 1620 2884">
    <p class='ocr_par' dir='ltr' id='par_1_20' title="bbox 907 697 1620 2884">
     <span class='ocr_line' id='line_1_54' title="bbox 913 697 1620 754; baseline -0.003 -12"><span class='ocrx_word' id='word_1_213' title='bbox 913 697 1214 748; x_wconf 80' lang='lat' dir='ltr'><strong>ret,‹5mnium</strong></span> <span class='ocrx_word' id='word_1_214' title='bbox 1225 698 1434 743; x_wconf 54' lang='lat' dir='ltr'><strong>maculas</strong></span> <span class='ocrx_word' id='word_1_215' title='bbox 1448 710 1620 754; x_wconf 88' lang='lat' dir='ltr'><strong>purga-</strong></span> 
     </span>
     <span class='ocr_line' id='line_1_55' title="bbox 915 755 1619 806; baseline -0.001 -6"><span class='ocrx_word' id='word_1_216' title='bbox 915 756 1061 801; x_wconf 73' lang='lat' dir='ltr'><strong>ti&#39;iruS.</strong></span> <span class='ocrx_word' id='word_1_217' title='bbox 1080 756 1297 802; x_wconf 72' lang='lat' dir='ltr'><strong>leuitet</strong></span> <span class='ocrx_word' id='word_1_218' title='bbox 1310 755 1549 806; x_wconf 77' lang='lat' dir='ltr'><strong>ht&#39;imilem,</strong></span> <span class='ocrx_word' id='word_1_219' title='bbox 1559 756 1619 800; x_wconf 84' lang='lat' dir='ltr'><strong>de</strong></span> 
     </span>
     <span class='ocr_line' id='line_1_56' title="bbox 914 814 1618 873; baseline 0 -14"><span class='ocrx_word' id='word_1_220' title='bbox 914 829 1009 873; x_wconf 85' lang='lat' dir='ltr'><strong>qua</strong></span> <span class='ocrx_word' id='word_1_221' title='bbox 1031 816 1171 866; x_wconf 89' lang='lat' dir='ltr'><strong>mitis,</strong></span> <span class='ocrx_word' id='word_1_222' title='bbox 1197 824 1243 860; x_wconf 89' lang='lat' dir='ltr'><strong>et</strong></span> <span class='ocrx_word' id='word_1_223' title='bbox 1265 814 1453 860; x_wconf 67' lang='lat' dir='ltr'><strong>hfimilis</strong></span> <span class='ocrx_word' id='word_1_224' title='bbox 1475 815 1618 860; x_wconf 87' lang='lat' dir='ltr'><strong>corde</strong></span> 
     </span>
     <span class='ocr_line' id='line_1_57' title="bbox 915 873 1619 931; baseline -0.001 -11"><span class='ocrx_word' id='word_1_225' title='bbox 915 874 1138 931; x_wconf 87' lang='lat' dir='ltr'><strong>prodiret,</strong></span> <span class='ocrx_word' id='word_1_226' title='bbox 1159 875 1326 919; x_wconf 86' lang='lat' dir='ltr'><strong>harum</strong></span> <span class='ocrx_word' id='word_1_227' title='bbox 1343 875 1388 918; x_wconf 89' lang='lat' dir='ltr'><strong>in</strong></span> <span class='ocrx_word' id='word_1_228' title='bbox 1407 888 1456 919; x_wconf 90' lang='lat' dir='ltr'><strong>se</strong></span> <span class='ocrx_word' id='word_1_229' title='bbox 1478 873 1619 919; x_wconf 71' lang='lat' dir='ltr'><strong>virtti-</strong></span> 
     </span>
     <span class='ocr_line' id='line_1_58' title="bbox 915 933 1612 985; baseline -0.001 -7"><span class='ocrx_word' id='word_1_230' title='bbox 915 941 1017 978; x_wconf 89' lang='lat' dir='ltr'><strong>tum</strong></span> <span class='ocrx_word' id='word_1_231' title='bbox 1040 933 1354 985; x_wconf 63' lang='lat' dir='ltr'><strong>necessarium</strong></span> <span class='ocrx_word' id='word_1_232' title='bbox 1375 933 1612 984; x_wconf 51' lang='lat' dir='ltr'><strong>&amp;mnibus</strong></span> 
     </span>
     <span class='ocr_line' id='line_1_59' title="bbox 914 991 1617 1049; baseline 0 -12"><span class='ocrx_word' id='word_1_233' title='bbox 914 991 1366 1049; x_wconf 66' lang='lat' dir='ltr'><strong>saluberrimfimque</strong></span> <span class='ocrx_word' id='word_1_234' title='bbox 1400 991 1617 1049; x_wconf 74' lang='lat' dir='ltr'><strong>exemplsi</strong></span> 
     </span>
     <span class='ocr_line' id='line_1_60' title="bbox 914 1050 1618 1107; baseline -0.003 -11"><span class='ocrx_word' id='word_1_235' title='bbox 914 1050 1204 1097; x_wconf 76' lang='lat' dir='ltr'><strong>ostenst&#39;irus.</strong></span> <span class='ocrx_word' id='word_1_236' title='bbox 1252 1050 1396 1095; x_wconf 88' lang='lat' dir='ltr'><strong>Dedit</strong></span> <span class='ocrx_word' id='word_1_237' title='bbox 1435 1050 1618 1107; x_wconf 79' lang='lat' dir='ltr'><strong>Virgini</strong></span> 
     </span>
     <span class='ocr_line' id='line_1_61' title="bbox 915 1110 1617 1167; baseline -0.001 -12"><span class='ocrx_word' id='word_1_238' title='bbox 915 1119 1118 1167; x_wconf 86' lang='lat' dir='ltr'><strong>partum.</strong></span> <span class='ocrx_word' id='word_1_239' title='bbox 1144 1110 1225 1167; x_wconf 87' lang='lat' dir='ltr'><strong>qui</strong></span> <span class='ocrx_word' id='word_1_240' title='bbox 1252 1110 1294 1154; x_wconf 87' lang='lat' dir='ltr'><strong>ei</strong></span> <span class='ocrx_word' id='word_1_241' title='bbox 1312 1111 1412 1167; x_wconf 78' lang='lat' dir='ltr'><strong>Jam</strong></span> <span class='ocrx_word' id='word_1_242' title='bbox 1441 1118 1551 1153; x_wconf 85' lang='lat' dir='ltr'><strong>ante</strong></span> <span class='ocrx_word' id='word_1_243' title='bbox 1571 1117 1617 1154; x_wconf 91' lang='lat' dir='ltr'><strong>et</strong></span> 
     </span>
     <span class='ocr_line' id='line_1_62' title="bbox 915 1168 1620 1227; baseline 0 -15"><span class='ocrx_word' id='word_1_244' title='bbox 915 1169 1194 1227; x_wconf 60' lang='lat' dir='ltr'><strong>virginitatis</strong></span> <span class='ocrx_word' id='word_1_245' title='bbox 1215 1168 1518 1226; x_wconf 64' lang='lat' dir='ltr'><strong>inspirziverat</strong></span> <span class='ocrx_word' id='word_1_246' title='bbox 1540 1181 1620 1213; x_wconf 90' lang='lat' dir='ltr'><strong>vo-</strong></span> 
     </span>
     <span class='ocr_line' id='line_1_63' title="bbox 913 1227 1620 1286; baseline -0.001 -13"><span class='ocrx_word' id='word_1_247' title='bbox 913 1237 1030 1280; x_wconf 89' lang='lat' dir='ltr'><strong>tum.</strong></span> <span class='ocrx_word' id='word_1_248' title='bbox 1057 1237 1104 1274; x_wconf 88' lang='lat' dir='ltr'><strong>et</strong></span> <span class='ocrx_word' id='word_1_249' title='bbox 1125 1227 1401 1273; x_wconf 58' lang='lat' dir='ltr'><strong>humilitatis</strong></span> <span class='ocrx_word' id='word_1_250' title='bbox 1431 1240 1620 1286; x_wconf 84' lang='lat' dir='ltr'><strong>praero-</strong></span> 
     </span>
     <span class='ocr_line' id='line_1_64' title="bbox 911 1286 1611 1345; baseline -0.004 -12"><span class='ocrx_word' id='word_1_251' title='bbox 911 1288 1343 1345; x_wconf 58' lang='lat' dir='ltr'><strong>gaveratmeritum.</strong></span> <span class='ocrx_word' id='word_1_252' title='bbox 1377 1286 1443 1331; x_wconf 89' lang='lat' dir='ltr'><strong>Ut</strong></span> <span class='ocrx_word' id='word_1_253' title='bbox 1458 1287 1611 1343; x_wconf 86' lang='lat' dir='ltr'><strong>igitur,</strong></span> 
     </span>
     <span class='ocr_line' id='line_1_65' title="bbox 911 1345 1615 1405; baseline -0.004 -12"><span class='ocrx_word' id='word_1_254' title='bbox 911 1361 1035 1405; x_wconf 88' lang='lat' dir='ltr'><strong>quae</strong></span> <span class='ocrx_word' id='word_1_255' title='bbox 1066 1347 1296 1393; x_wconf 73' lang='lat' dir='ltr'><strong>Sandtum</strong></span> <span class='ocrx_word' id='word_1_256' title='bbox 1333 1345 1615 1391; x_wconf 71' lang='lat' dir='ltr'><strong>Sandtdrum</strong></span> 
     </span>
     <span class='ocr_line' id='line_1_66' title="bbox 912 1405 1617 1465; baseline -0.001 -13"><span class='ocrx_word' id='word_1_257' title='bbox 912 1406 1200 1465; x_wconf 77' lang='lat' dir='ltr'><strong>conceptt&#39;ira</strong></span> <span class='ocrx_word' id='word_1_258' title='bbox 1226 1415 1325 1452; x_wconf 87' lang='lat' dir='ltr'><strong>erat</strong></span> <span class='ocrx_word' id='word_1_259' title='bbox 1354 1405 1540 1463; x_wconf 56' lang='lat' dir='ltr'><strong>pariter,</strong></span> <span class='ocrx_word' id='word_1_260' title='bbox 1570 1414 1617 1451; x_wconf 89' lang='lat' dir='ltr'><strong>et</strong></span> 
     </span>
     <span class='ocr_line' id='line_1_67' title="bbox 913 1463 1618 1524; baseline -0.004 -13"><span class='ocrx_word' id='word_1_261' title='bbox 913 1466 1132 1524; x_wconf 74' lang='lat' dir='ltr'><strong>pariti&#39;ira,</strong></span> <span class='ocrx_word' id='word_1_262' title='bbox 1169 1464 1336 1510; x_wconf 64' lang='lat' dir='ltr'><strong>saneta</strong></span> <span class='ocrx_word' id='word_1_263' title='bbox 1365 1472 1485 1509; x_wconf 89' lang='lat' dir='ltr'><strong>esset</strong></span> <span class='ocrx_word' id='word_1_264' title='bbox 1517 1463 1618 1509; x_wconf 71' lang='lat' dir='ltr'><strong>cdr-</strong></span> 
     </span>
     <span class='ocr_line' id='line_1_68' title="bbox 913 1523 1618 1582; baseline -0.006 -12"><span class='ocrx_word' id='word_1_265' title='bbox 913 1539 1041 1582; x_wconf 87' lang='lat' dir='ltr'><strong>pore,</strong></span> <span class='ocrx_word' id='word_1_266' title='bbox 1066 1525 1250 1582; x_wconf 80' lang='lat' dir='ltr'><strong>accepit</strong></span> <span class='ocrx_word' id='word_1_267' title='bbox 1279 1524 1458 1568; x_wconf 89' lang='lat' dir='ltr'><strong>donum</strong></span> <span class='ocrx_word' id='word_1_268' title='bbox 1481 1523 1618 1579; x_wconf 86' lang='lat' dir='ltr'><strong>virgi-</strong></span> 
     </span>
     <span class='ocr_line' id='line_1_69' title="bbox 913 1584 1612 1637; baseline -0.004 -9"><span class='ocrx_word' id='word_1_269' title='bbox 913 1584 1073 1628; x_wconf 61' lang='lat' dir='ltr'><strong>nitatis</strong></span> <span class='ocrx_word' id='word_1_270' title='bbox 1100 1591 1185 1637; x_wconf 75' lang='lat' dir='ltr'><strong>:ut</strong></span> <span class='ocrx_word' id='word_1_271' title='bbox 1217 1589 1338 1627; x_wconf 88' lang='lat' dir='ltr'><strong>esset</strong></span> <span class='ocrx_word' id='word_1_272' title='bbox 1369 1589 1414 1626; x_wconf 83' lang='lat' dir='ltr'><strong>et</strong></span> <span class='ocrx_word' id='word_1_273' title='bbox 1443 1590 1612 1633; x_wconf 85' lang='lat' dir='ltr'><strong>mente,</strong></span> 
     </span>
     <span class='ocr_line' id='line_1_70' title="bbox 913 1639 1612 1700; baseline -0.003 -12"><span class='ocrx_word' id='word_1_274' title='bbox 913 1641 1093 1700; x_wconf 74' lang='lat' dir='ltr'><strong>accepit</strong></span> <span class='ocrx_word' id='word_1_275' title='bbox 1116 1643 1296 1686; x_wconf 89' lang='lat' dir='ltr'><strong>donum</strong></span> <span class='ocrx_word' id='word_1_276' title='bbox 1322 1639 1612 1686; x_wconf 61' lang='lat' dir='ltr'><strong>humilitatis.</strong></span> 
     </span>
     <span class='ocr_line' id='line_1_71' title="bbox 912 1701 1616 1755; baseline -0.001 -8"><span class='ocrx_word' id='word_1_277' title='bbox 912 1702 954 1754; x_wconf 69' lang='grc' dir='ltr'><strong>ἾῘ</strong></span> <span class='ocrx_word' id='word_1_278' title='bbox 975 1701 1019 1755; x_wconf 87' lang='lat' dir='ltr'><strong>Q</strong></span> <span class='ocrx_word' id='word_1_279' title='bbox 1047 1701 1387 1752; x_wconf 58' lang='lat' dir='ltr'><strong>admirabilem,</strong></span> <span class='ocrx_word' id='word_1_280' title='bbox 1413 1708 1458 1745; x_wconf 89' lang='lat' dir='ltr'><strong>et</strong></span> <span class='ocrx_word' id='word_1_281' title='bbox 1488 1702 1616 1746; x_wconf 90' lang='lat' dir='ltr'><strong>omni</strong></span> 
     </span>
     <span class='ocr_line' id='line_1_72' title="bbox 914 1758 1618 1818; baseline -0.001 -13"><span class='ocrx_word' id='word_1_282' title='bbox 914 1758 1092 1806; x_wconf 77' lang='lat' dir='ltr'><strong>hondre</strong></span> <span class='ocrx_word' id='word_1_283' title='bbox 1114 1760 1443 1818; x_wconf 86' lang='lat' dir='ltr'><strong>dignissimam</strong></span> <span class='ocrx_word' id='word_1_284' title='bbox 1463 1759 1618 1818; x_wconf 88' lang='lat' dir='ltr'><strong>Virgi-</strong></span> 
     </span>
     <span class='ocr_line' id='line_1_73' title="bbox 912 1819 1618 1877; baseline 0.001 -13"><span class='ocrx_word' id='word_1_285' title='bbox 912 1822 1047 1865; x_wconf 88' lang='lat' dir='ltr'><strong>nem!</strong></span> <span class='ocrx_word' id='word_1_286' title='bbox 1087 1820 1131 1865; x_wconf 94' lang='grc' dir='ltr'>Ο</span> <span class='ocrx_word' id='word_1_287' title='bbox 1168 1819 1423 1864; x_wconf 84' lang='lat' dir='ltr'><strong>foeminam</strong></span> <span class='ocrx_word' id='word_1_288' title='bbox 1460 1819 1618 1877; x_wconf 85' lang='lat' dir='ltr'><strong>singu-</strong></span> 
     </span>
     <span class='ocr_line' id='line_1_74' title="bbox 911 1878 1617 1936; baseline 0.001 -13"><span class='ocrx_word' id='word_1_289' title='bbox 911 1879 1069 1925; x_wconf 58' lang='lat' dir='ltr'><strong>leriter</strong></span> <span class='ocrx_word' id='word_1_290' title='bbox 1109 1878 1439 1929; x_wconf 60' lang='lat' dir='ltr'><strong>venerandam,</strong></span> <span class='ocrx_word' id='word_1_291' title='bbox 1477 1891 1617 1936; x_wconf 88' lang='lat' dir='ltr'><strong>super</strong></span> 
     </span>
     <span class='ocr_line' id='line_1_75' title="bbox 912 1938 1616 1983; baseline -0.001 0"><span class='ocrx_word' id='word_1_292' title='bbox 912 1952 1079 1983; x_wconf 88' lang='lat' dir='ltr'><strong>omnes</strong></span> <span class='ocrx_word' id='word_1_293' title='bbox 1099 1938 1331 1983; x_wconf 84' lang='lat' dir='ltr'><strong>foeminas</strong></span> <span class='ocrx_word' id='word_1_294' title='bbox 1364 1938 1616 1983; x_wconf 60' lang='lat' dir='ltr'><strong>admirabi-</strong></span> 
     </span>
     <span class='ocr_line' id='line_1_76' title="bbox 910 1997 1615 2056; baseline -0.001 -14"><span class='ocrx_word' id='word_1_295' title='bbox 910 1998 1017 2050; x_wconf 88' lang='lat' dir='ltr'><strong>lem,</strong></span> <span class='ocrx_word' id='word_1_296' title='bbox 1068 1997 1318 2056; x_wconf 78' lang='lat' dir='ltr'><strong>parentum</strong></span> <span class='ocrx_word' id='word_1_297' title='bbox 1369 1997 1615 2055; x_wconf 85' lang='lat' dir='ltr'><strong>reparatri-</strong></span> 
     </span>
     <span class='ocr_line' id='line_1_77' title="bbox 911 2056 1615 2115; baseline -0.001 -13"><span class='ocrx_word' id='word_1_298' title='bbox 911 2071 1028 2109; x_wconf 88' lang='lat' dir='ltr'><strong>cem,</strong></span> <span class='ocrx_word' id='word_1_299' title='bbox 1041 2056 1337 2115; x_wconf 75' lang='lat' dir='ltr'><strong>posterdrum</strong></span> <span class='ocrx_word' id='word_1_300' title='bbox 1353 2056 1615 2102; x_wconf 87' lang='lat' dir='ltr'><strong>vivificatri-</strong></span> 
     </span>
     <span class='ocr_line' id='line_1_78' title="bbox 909 2108 1613 2174; baseline 0.001 -13"><span class='ocrx_word' id='word_1_301' title='bbox 909 2130 1012 2161; x_wconf 88' lang='lat' dir='ltr'><strong>cem</strong></span> <span class='ocrx_word' id='word_1_302' title='bbox 1027 2119 1037 2162; x_wconf 94' lang='lat'><strong>!</strong></span> <span class='ocrx_word' id='word_1_303' title='bbox 1051 2118 1230 2162; x_wconf 87' lang='lat' dir='ltr'><strong>Missus</strong></span> <span class='ocrx_word' id='word_1_304' title='bbox 1242 2125 1312 2162; x_wconf 90' lang='lat' dir='ltr'><strong>est</strong></span> <span class='ocrx_word' id='word_1_305' title='bbox 1327 2108 1537 2174; x_wconf 67' lang='lat' dir='ltr'><strong>Angeliis</strong></span> <span class='ocrx_word' id='word_1_306' title='bbox 1548 2118 1613 2162; x_wconf 90' lang='lat' dir='ltr'><strong>ad</strong></span> 
     </span>
     <span class='ocr_line' id='line_1_79' title="bbox 909 2176 1608 2235; baseline -0.003 -14"><span class='ocrx_word' id='word_1_307' title='bbox 909 2176 1167 2235; x_wconf 86' lang='lat' dir='ltr'><strong>Virginem,</strong></span> <span class='ocrx_word' id='word_1_308' title='bbox 1189 2176 1432 2234; x_wconf 84' lang='lat' dir='ltr'><strong>Virginem</strong></span> <span class='ocrx_word' id='word_1_309' title='bbox 1454 2189 1608 2228; x_wconf 86' lang='lat' dir='ltr'><strong>carne,</strong></span> 
     </span>
     <span class='ocr_line' id='line_1_80' title="bbox 908 2235 1612 2294; baseline -0.004 -14"><span class='ocrx_word' id='word_1_310' title='bbox 908 2235 1151 2294; x_wconf 80' lang='lat' dir='ltr'><strong>Virginem</strong></span> <span class='ocrx_word' id='word_1_311' title='bbox 1173 2244 1344 2287; x_wconf 87' lang='lat' dir='ltr'><strong>mente,</strong></span> <span class='ocrx_word' id='word_1_312' title='bbox 1370 2235 1612 2291; x_wconf 89' lang='lat' dir='ltr'><strong>Virginem</strong></span> 
     </span>
     <span class='ocr_line' id='line_1_81' title="bbox 908 2292 1613 2353; baseline -0.003 -13"><span class='ocrx_word' id='word_1_313' title='bbox 908 2295 1211 2353; x_wconf 75' lang='lat' dir='ltr'><strong>professidne,</strong></span> <span class='ocrx_word' id='word_1_314' title='bbox 1225 2294 1470 2350; x_wconf 87' lang='lat' dir='ltr'><strong>Virginem</strong></span> <span class='ocrx_word' id='word_1_315' title='bbox 1485 2292 1613 2338; x_wconf 74' lang='lat' dir='ltr'><strong>deni-</strong></span> 
     </span>
     <span class='ocr_line' id='line_1_82' title="bbox 908 2350 1614 2412; baseline -0.008 -12"><span class='ocrx_word' id='word_1_316' title='bbox 908 2368 1014 2412; x_wconf 85' lang='lat' dir='ltr'><strong>que,</strong></span> <span class='ocrx_word' id='word_1_317' title='bbox 1037 2355 1228 2412; x_wconf 89' lang='lat' dir='ltr'><strong>qualem</strong></span> <span class='ocrx_word' id='word_1_318' title='bbox 1244 2352 1463 2397; x_wconf 87' lang='lat' dir='ltr'><strong>describit</strong></span> <span class='ocrx_word' id='word_1_319' title='bbox 1483 2350 1614 2408; x_wconf 79' lang='grc' dir='ltr'>Αρό-</span> 
     </span>
     <span class='ocr_line' id='line_1_83' title="bbox 907 2409 1613 2467; baseline -0.006 -8"><span class='ocrx_word' id='word_1_320' title='bbox 907 2414 1072 2464; x_wconf 80' lang='lat' dir='ltr'><strong>stolus,</strong></span> <span class='ocrx_word' id='word_1_321' title='bbox 1112 2420 1284 2462; x_wconf 85' lang='lat' dir='ltr'><strong>mente,</strong></span> <span class='ocrx_word' id='word_1_322' title='bbox 1330 2418 1377 2454; x_wconf 84' lang='lat' dir='ltr'><strong>et</strong></span> <span class='ocrx_word' id='word_1_323' title='bbox 1417 2409 1613 2467; x_wconf 71' lang='lat' dir='ltr'><strong>cdrpore</strong></span> 
     </span>
     <span class='ocr_line' id='line_1_84' title="bbox 910 2467 1612 2522; baseline -0.004 -5"><span class='ocrx_word' id='word_1_324' title='bbox 910 2472 1127 2517; x_wconf 63' lang='lat' dir='ltr'><strong>sancitam</strong></span> <span class='ocrx_word' id='word_1_325' title='bbox 1151 2485 1161 2522; x_wconf 87' lang='lat'><strong>;</strong></span> <span class='ocrx_word' id='word_1_326' title='bbox 1192 2482 1281 2515; x_wconf 90' lang='lat' dir='ltr'><strong>nec</strong></span> <span class='ocrx_word' id='word_1_327' title='bbox 1307 2467 1500 2520; x_wconf 72' lang='lat' dir='ltr'><strong>ndviter,</strong></span> <span class='ocrx_word' id='word_1_328' title='bbox 1527 2481 1612 2514; x_wconf 89' lang='lat' dir='ltr'><strong>nec</strong></span> 
     </span>
     <span class='ocr_line' id='line_1_85' title="bbox 909 2528 1615 2578; baseline -0.003 -3"><span class='ocrx_word' id='word_1_329' title='bbox 909 2530 1105 2577; x_wconf 71' lang='lat' dir='ltr'><strong>forti&#39;iito</strong></span> <span class='ocrx_word' id='word_1_330' title='bbox 1153 2529 1407 2578; x_wconf 75' lang='lat' dir='ltr'><strong>inventam,</strong></span> <span class='ocrx_word' id='word_1_331' title='bbox 1453 2528 1537 2572; x_wconf 89' lang='lat' dir='ltr'><strong>sed</strong></span> <span class='ocrx_word' id='word_1_332' title='bbox 1584 2541 1615 2573; x_wconf 85' lang='lat' dir='ltr'>a</span> 
     </span>
     <span class='ocr_line' id='line_1_86' title="bbox 910 2586 1613 2637; baseline -0.007 -1"><span class='ocrx_word' id='word_1_333' title='bbox 910 2589 1102 2635; x_wconf 83' lang='lat' dir='ltr'><strong>saeculo</strong></span> <span class='ocrx_word' id='word_1_334' title='bbox 1132 2587 1347 2637; x_wconf 69' lang='lat' dir='ltr'><strong>eledtam,</strong></span> <span class='ocrx_word' id='word_1_335' title='bbox 1379 2586 1442 2630; x_wconf 89' lang='lat' dir='ltr'><strong>ab</strong></span> <span class='ocrx_word' id='word_1_336' title='bbox 1470 2586 1613 2632; x_wconf 87' lang='lat' dir='ltr'><strong>Altis·</strong></span> 
     </span>
     <span class='ocr_line' id='line_1_87' title="bbox 909 2645 1612 2706; baseline -0.007 -12"><span class='ocrx_word' id='word_1_337' title='bbox 909 2650 1032 2695; x_wconf 90' lang='lat' dir='ltr'><strong>simo</strong></span> <span class='ocrx_word' id='word_1_338' title='bbox 1060 2645 1427 2706; x_wconf 69' lang='lat' dir='ltr'><strong>praeebgnitam,</strong></span> <span class='ocrx_word' id='word_1_339' title='bbox 1451 2653 1498 2690; x_wconf 91' lang='lat' dir='ltr'><strong>et</strong></span> <span class='ocrx_word' id='word_1_340' title='bbox 1525 2645 1612 2690; x_wconf 89' lang='lat' dir='ltr'><strong>sibi</strong></span> 
     </span>
     <span class='ocr_line' id='line_1_88' title="bbox 910 2703 1612 2766; baseline -0.006 -12"><span class='ocrx_word' id='word_1_341' title='bbox 910 2722 1023 2766; x_wconf 83' lang='lat' dir='ltr'><strong>prae</strong></span> <span class='ocrx_word' id='word_1_342' title='bbox 1144 2715 1258 2755; x_wconf 85' lang='lat' dir='ltr'><strong>tarn.</strong></span> <span class='ocrx_word' id='word_1_343' title='bbox 1303 2704 1366 2749; x_wconf 89' lang='lat' dir='ltr'><strong>ab</strong></span> <span class='ocrx_word' id='word_1_344' title='bbox 1419 2703 1612 2760; x_wconf 85' lang='lat' dir='ltr'><strong>Angelis</strong></span> 
     </span>
     <span class='ocr_line' id='line_1_89' title="bbox 910 2762 1613 2821; baseline -0.009 -8"><span class='ocrx_word' id='word_1_345' title='bbox 910 2780 1012 2813; x_wconf 89' lang='lat' dir='ltr'><strong>serv</strong></span> <span class='ocrx_word' id='word_1_346' title='bbox 1044 2775 1158 2817; x_wconf 87' lang='lat' dir='ltr'><strong>tam,</strong></span> <span class='ocrx_word' id='word_1_347' title='bbox 1183 2778 1215 2809; x_wconf 87' lang='lat' dir='ltr'>a</span> <span class='ocrx_word' id='word_1_348' title='bbox 1238 2762 1453 2808; x_wconf 60' lang='lat' dir='ltr'><strong>Patribus</strong></span> <span class='ocrx_word' id='word_1_349' title='bbox 1480 2775 1613 2821; x_wconf 79' lang='lat' dir='ltr'><strong>prae-</strong></span> 
     </span>
     <span class='ocr_line' id='line_1_90' title="bbox 910 2820 1614 2884; baseline -0.006 -13"><span class='ocrx_word' id='word_1_350' title='bbox 910 2825 1177 2884; x_wconf 57' lang='lat' dir='ltr'><strong>figuratam,</strong></span> <span class='ocrx_word' id='word_1_351' title='bbox 1196 2836 1228 2869; x_wconf 80' lang='lat' dir='ltr'><strong>a</strong></span> <span class='ocrx_word' id='word_1_352' title='bbox 1245 2820 1492 2879; x_wconf 75' lang='lat' dir='ltr'><strong>Prophetis</strong></span> <span class='ocrx_word' id='word_1_353' title='bbox 1507 2834 1614 2880; x_wconf 85' lang='lat' dir='ltr'><strong>pro-</strong></span> 
     </span>
    </p>
   </div>
   <div class='ocr_carea' id='block_1_15' title="bbox 75 2885 1123 3001">
    <p class='ocr_par' dir='ltr' id='par_1_21' title="bbox 75 2885 1123 3001">
     <span class='ocr_line' id='line_1_91' title="bbox 75 2885 1123 3001; baseline -0.009 -64"><span class='ocrx_word' id='word_1_354' title='bbox 75 2894 82 3001; x_wconf 82' lang='grc' dir='ltr'>Ι</span> <span class='ocrx_word' id='word_1_355' title='bbox 137 2890 358 2950; x_wconf 73' lang='lat' dir='ltr'><strong>deligere,</strong></span> <span class='ocrx_word' id='word_1_356' title='bbox 381 2892 483 2937; x_wconf 81' lang='lat' dir='ltr'><strong>imo</strong></span> <span class='ocrx_word' id='word_1_357' title='bbox 509 2890 712 2937; x_wconf 72' lang='lat' dir='ltr'><strong>odndere</strong></span> <span class='ocrx_word' id='word_1_358' title='bbox 737 2888 844 2933; x_wconf 89' lang='lat' dir='ltr'><strong>Ma·</strong></span> <span class='ocrx_word' id='word_1_359' title='bbox 893 2885 1123 2930; x_wconf 76' lang='lat' dir='ltr'><strong>missam.</strong></span> 
     </span>
    </p>
   </div>
  </div>
 </body>
</html>
