2050 3392
321 253 435 308 Die
457 269 527 324 19
550 255 719 322 Nou,
747 256 807 309 S.
835 256 1129 323 Pontiani,
1156 257 1222 309 P.
1246 256 1332 309 M.
1407 254 1631 310 ccxcvii.

221 419 277 464 In
300 421 509 464 secundo
534 421 795 468 Nocturno.

383 496 548 542 Leotio
570 497 627 543 iv.

292 586 345 628 y
363 576 423 619 „0
435 566 746 615 NTIANUS
765 568 862 615 Ro-

158 638 160 647 ’
254 623 307 693 ’ἐς
418 629 588 675 matius
658 628 861 687 praefuit

171 729 179 737 ,
267 697 314 730 ζ’
339 729 342 731 .
420 689 663 735 Ecclesiae
750 689 861 734 Ale-

168 788 295 791 k
345 750 385 770 V
417 748 602 794 xendro
657 748 859 805 impera-

149 805 259 853 tore
280 820 293 853 ε
317 807 397 864 qui
422 808 641 853 sanetum
669 806 863 853 Pontifi-

148 878 279 918 cem,
335 876 528 926 propter
581 866 863 913 christionae

75 971 78 980 ,
149 924 269 971 fidei
295 926 653 979 consessionem.
680 927 729 971 in
757 926 864 971 Sar-

73 981 80 1176 i

151 984 342 1031 diniam
371 985 572 1032 insulam
599 1000 709 1032 cum
741 986 864 1043 Hip-

151 1043 324 1102 polyto
337 1046 615 1103 Presbytero
623 1045 858 1104 relegevit.

155 1104 258 1149 Ubi
281 1104 322 1149 is
341 1118 430 1162 pro
447 1105 621 1151 Christi
636 1105 728 1151 fide
745 1105 864 1150 mul-

153 1163 218 1209 tis
253 1163 603 1210 calamitatibus
638 1164 854 1216 afflietus,

154 1223 487 1270 decimotertio
502 1223 748 1271 Kalendas
768 1225 862 1270 De

154 1282 362 1329 cembris
408 1297 437 1329 e
481 1284 577 1330 vita
624 1284 854 1343 migrAvit.

155 1342 277 1400 Ejus
298 1357 473 1402 corpus
497 1344 535 1389 F
536 1343 708 1390 abieno
739 1344 861 1391 Pon-

153 1402 298 1455 tifice.
344 1417 453 1449 cum
494 1404 620 1450 clero
654 1405 860 1450 Romam

155 1462 384 1516 delatum.
460 1464 509 1509 in
578 1463 861 1510 coemeterio

156 1522 344 1568 Callisti
359 1524 436 1568 via
449 1524 608 1581 Appia
620 1524 856 1581 sepelitur.

156 1582 291 1627 Sedit
315 1595 469 1628 annos
489 1583 707 1640 quotuor.
733 1595 863 1627 men-

156 1654 256 1687 ses,
276 1641 494 1700 quotuor,
539 1642 641 1686 dies
680 1641 864 1699 viginti-

158 1700 385 1759 quinque.
443 1701 571 1747 Fecit
608 1701 865 1747 ordinatio-

158 1773 245 1806 nes
271 1761 390 1806 duas
411 1773 572 1806 mense
593 1759 859 1812 Decembri,

159 1820 336 1878 quibus
359 1819 529 1866 creevit
561 1819 865 1878 Presbyteros

158 1893 256 1933 sex,
264 1879 508 1925 Dieconos
520 1879 742 1937 quinque,
751 1879 866 1937 Epi-

156 1952 335 2046 scogos
349 1952 435 1997 per
447 1939 632 1984 diversa
643 1939 751 1985 lom
763 1952 858 1984 sex.

157 2028 162 2035 ι
259 2048 264 2057 ,
286 2034 296 2044 .
319 1998 590 2044 Honestum
607 1999 715 2044 fecit
732 1998 863 2045 illum

160 2058 410 2111 Dominus,
429 2066 478 2105 et
488 2058 741 2105 custodivit
755 2071 863 2105 eum

159 2121 223 2166 ab
246 2119 459 2172 inimicis,
478 2127 525 2165 et
552 2133 584 2164 a
605 2118 864 2165 seduotori-

160 2181 250 2225 bus
271 2180 438 2225 tutavit
459 2179 590 2224 illum
612 2193 623 2225 ε
650 2178 676 2203 ⁴*
697 2179 758 2224 Et
780 2179 862 2224 de-

160 2240 230 2285 dit
247 2239 309 2283 illi
323 2238 581 2284 claritatem
603 2238 856 2284 aeternam.

165 2293 582 2356 §CRDescenditque
596 2311 703 2344 curn
720 2298 801 2343 illo
813 2298 863 2342 in

162 2358 344 2405 foveam
366 2372 376 2402 ε
408 2366 452 2403 et
475 2358 523 2402 in
544 2358 743 2403 viticulis
762 2371 860 2402 non

162 2416 410 2475 dereliquit
432 2418 685 2463 eum—Et
709 2417 856 2464 dedit.

204 2504 368 2551 Sermo
389 2503 538 2548 saneti
558 2501 814 2562 Augustini

387 2563 624 2622 Episcopi.

163 2625 236 2671 De
255 2624 305 2670 S.
332 2625 373 2670 C
359 2624 582 2684 yprianO,
605 2623 755 2669 Serm.
778 2621 858 2668 xii.

397 2690 561 2742 Leo-'tio
581 2706 624 2739 v,

164 2766 651 2890 SERMONEM
715 2775 861 2834 exigit

317 2846 418 2883 tam
446 2844 585 2895 grata
610 2843 656 2883 et
676 2834 863 2894 religio-

105 2968 108 2985 ⁴
161 2910 216 2945 sa
240 2896 528 2949 solemnitas,
559 2908 657 2954 qua
680 2893 864 2953 passio·

928 404 1036 437 nem
1044 390 1170 437 beati
1182 389 1405 448 Mertyris
1415 387 1634 436 Pontiam

927 451 1234 498 celebremus».
1279 450 1448 496 Tristis
1468 449 1635 508 procul

928 510 1077 557 dubio
1118 519 1231 557 tunc
1271 509 1487 555 Ecclesia
1524 509 1627 563 fuit.

927 583 1024 615 non
1062 572 1242 616 damno
1276 569 1504 623 cadentis,
1548 569 1635 615 sed

928 630 1163 676 desiderio
1182 629 1444 675 recedentis
1466 642 1478 682 ς
1513 641 1636 675 sem-

928 702 1013 747 per
1033 688 1228 747 cupiens
1243 689 1401 735 videre
1414 687 1636 747 praesen-

929 757 1024 794 tem
1054 757 1152 795 tam
1175 750 1358 795 bonum
1381 746 1630 802 reotorem,

928 808 1636 914 Ξὲιὶξειέἳόξὲἷῗίἓέἱύὲἓάοὲἓῐίῗ

929 928 1084 979 minis,
1109 928 1356 973 consolata
1370 934 1441 973 est
1457 926 1636 973 corona

928 985 1133 1032 violeris,
1187 987 1250 1033 Et
1277 1000 1405 1032 nunc
1432 1000 1531 1032 non
1558 999 1636 1032 so-

928 1046 1029 1092 lum
1062 1046 1162 1091 sine
1191 1046 1288 1091 ulla
1322 1045 1520 1097 tristitia,
1558 1059 1636 1091 ve-

928 1119 1033 1151 rum
1055 1105 1199 1151 etiam
1220 1119 1329 1150 cum
1343 1104 1523 1163 ingenti
1541 1104 1639 1150 lae-

929 1166 1034 1211 titia
1044 1164 1230 1216 cuneta,
1239 1178 1363 1222 quae
1375 1173 1489 1210 tunc
1499 1171 1638 1223 gesta

928 1235 1052 1279 sunt,
1098 1224 1303 1282 legendo
1351 1222 1601 1270 recolimus
1623 1236 1635 1277 ς

928 1286 1100 1344 dieque
1135 1286 1226 1331 isto
1258 1284 1468 1343 gaudere
1497 1282 1637 1329 nobis

927 1345 1207 1391 concessum
1222 1353 1308 1397 est,
1333 1357 1432 1389 non
1448 1343 1628 1390 timere.

929 1405 1100 1463 Neque
1149 1404 1275 1449 enim
1321 1402 1636 1449 formidemus

927 1465 1196 1510 terribiliter
1231 1464 1510 1516 venientem,
1548 1462 1637 1507 sed

928 1523 1237 1582 expeetemus
1295 1521 1504 1568 hilariter
1564 1533 1637 1567 re-

929 1583 1171 1629 deuntem.

993 1647 1064 1699 R?-
1112 1638 1410 1686 Desiderium
1448 1638 1637 1688 Animae

929 1700 1032 1760 ejus
1050 1700 1256 1747 tribuisti
1276 1701 1332 1753 ei,
1361 1699 1631 1746 Dominet*

932 1762 993 1806 Et
1014 1759 1258 1806 voluntate
1278 1759 1512 1805 labiorum
1533 1759 1636 1818 ejus

930 1834 1028 1866 non
1037 1819 1267 1866 fraudesti
1280 1833 1403 1866 eum.
1424 1820 1485 1878 XV.
1503 1817 1636 1876 Quo-

931 1881 1060 1926 niam
1110 1879 1390 1938 praevenisti
1433 1892 1544 1924 eum
1584 1879 1634 1925 in

930 1938 1339 1986 benedictionibus
1351 1939 1632 1985 dulcedinis:

930 1999 1131 2059 posuisti
1150 2000 1198 2044 in
1211 1998 1366 2057 capite
1382 2000 1484 2058 ejus
1499 1997 1634 2046 coro-

930 2074 1043 2105 nam
1074 2061 1134 2105 de
1161 2059 1319 2116 lepide
1347 2058 1635 2120 pretioso.—

931 2121 994 2168 Et
1014 2118 1269 2167 voluntete.

1158 2217 1321 2261 Lecstio
1345 2218 1399 2259 vi.

933 2285 1267 2408 UICINA
1281 2293 1493 2354 corporis
1504 2306 1632 2340 mor-

1102 2365 1148 2402 te
1166 2369 1263 2402 non
1278 2354 1567 2401 moriebetur
1580 2354 1630 2399 in

928 2413 1092 2461 Animo
1147 2414 1351 2473 pastoris
1390 2412 1635 2472 vigilentia

929 2474 1194 2533 pastoralis,
1235 2482 1283 2520 et
1323 2487 1436 2519 cura
1470 2472 1634 2519 tuendi

930 2534 1158 2581 dominici
1193 2535 1348 2592 gregis
1383 2546 1535 2590 usque
1569 2531 1635 2578 ad

928 2594 1191 2641 extremum
1200 2594 1322 2639 vitae
1334 2593 1475 2652 huJus
1488 2592 1630 2646 diem,

928 2662 1089 2701 mente
1151 2652 1309 2700 sobria
1369 2650 1628 2699 tenebetur.

931 2715 1038 2760 Nec
1077 2712 1343 2760 excutiebat
1376 2712 1440 2757 ab
1473 2710 1636 2758 enimo

930 2774 1226 2833 diligentiam
1254 2771 1514 2818 fideussimi
1541 2771 1637 2817 dis-

928 2832 1195 2893 pensatoris
1215 2845 1388 2878 manus
1411 2831 1507 2877 ‘am
1527 2828 1638 2891 pto·

930 2893 1060 2939 xima
1077 2891 1258 2938 cruenti
1440 2889 1524 2940 cis-
1557 2889 1641 2940 lta
