2050 3392
362 267 426 338 56

413 390 619 438 Effunde
675 390 904 437 frarneam
926 424 937 443 .
1013 399 1061 436 et

352 451 583 499 conclude
644 451 870 497 adversus
929 463 1013 496 eos
1045 483 1056 502 .

353 512 434 569 qui
474 510 818 569 persequuntur
867 523 984 556 me:
1034 508 1063 535 Τ

352 572 430 617 dic
469 571 657 616 animae
702 583 838 615 meae
875 582 888 616 z
923 569 1062 615 Salus

354 638 439 677 tua
458 643 549 688 ego
570 643 689 676 sum.

414 689 781 736 Confundantur
829 696 877 734 et
927 700 1056 733 reve-

352 748 555 802 reamur.
583 749 610 774 Τ
639 748 918 807 quaerentes
952 746 1054 793 ani·

355 822 484 855 mam
506 821 677 854 meam.

412 867 697 913 Avertantur
717 865 985 919 retrorsum.
1005 873 1056 912 et

354 926 708 973 confundamur
728 925 756 950 Τ
788 925 1054 985 cogitantes

353 986 470 1032 mihi
492 986 634 1032 mala.

417 1046 555 1091 Fiant
613 1052 860 1103 tamquam
902 1044 1057 1103 pulvis

354 1113 466 1150 ante
486 1105 655 1150 faciem
675 1104 802 1150 venti
828 1102 882 1151 εΤ
902 1110 948 1149 et
961 1104 1061 1149 An-

354 1164 489 1222 gelus
518 1164 613 1208 Dffi
635 1163 883 1209 coarctans
910 1176 1007 1209 eos.

417 1224 521 1268 Fiat
576 1223 653 1268 via
702 1222 890 1268 illorum
931 1222 1059 1268 tene-

355 1281 469 1328 brae
490 1289 535 1327 et
556 1281 788 1326 lubricum
810 1297 821 1327 :
843 1281 870 1305 Τ
890 1288 938 1327 et
958 1283 1058 1327 An-

355 1342 491 1400 gelus
528 1340 725 1388 deini
771 1340 1058 1399 persequens

356 1414 453 1446 θος.

416 1457 658 1516 Quoniam
678 1459 825 1517 gratis
855 1459 1058 1505 abscon·

358 1518 530 1565 derunt
553 1519 668 1564 mihi
708 1518 949 1564 interitum
990 1518 1058 1564 la-

359 1579 467 1636 quei
518 1578 590 1623 sui
637 1592 650 1624 :
691 1575 719 1601 Τ
768 1576 1058 1635 supervacue

358 1637 756 1696 exprobraverunt
844 1635 1058 1682 ammam

360 1711 529 1743 meam.

418 1757 590 1803 veniat
605 1757 669 1802 illi
685 1754 895 1814 laqueus,
917 1770 1062 1815 quern

359 1815 548 1874 ignorat
585 1831 595 1862 :
627 1824 675 1863 et
704 1816 877 1874 captio,
915 1830 1062 1874 quam

361 1875 613 1921 abscondit
624 1909 635 1927 ,
731 1876 1060 1933 apprehendat

361 1948 471 2004 eurn
492 1949 502 1980 ε
517 1932 545 1958 Τ
557 1941 605 1980 et
616 1935 665 1979 in
680 1932 904 1992 leiqueum
917 1935 1061 1981 cadat

361 2006 411 2039 in
433 2007 603 2052 ipsum.

419 2053 597 2098 Anima
626 2059 788 2099 autern
808 2065 917 2098 mea
935 2052 1065 2098 exul-

363 2112 483 2159 tabit
504 2113 552 2158 in
568 2112 778 2158 Domino
800 2126 810 2157 ε
829 2111 856 2136 Τ
877 2120 923 2157 et
938 2112 1063 2157 dele-

361 2172 569 2218 &abitur
588 2185 729 2230 super
748 2170 940 2217 salutari
954 2184 1057 2217 suo.

421 2231 600 2278 Omnia
614 2245 723 2276 ossa
732 2245 839 2275 mea
847 2231 1005 2276 dicent
1014 2246 1024 2276 :
1034 2229 1062 2255 Τ

364 2290 581 2343 Domine.
599 2292 705 2348 quis
725 2290 890 2336 similis
913 2290 1032 2336 tibi?

425 2350 642 2407 Eripiens
665 2349 856 2407 inopem
880 2350 941 2395 de
962 2363 1063 2395 ma·

362 2422 429 2455 nu
440 2408 687 2455 fortidrum
695 2410 815 2468 ejus:
825 2408 853 2433 Τ
861 2409 1066 2466 egenum

361 2477 410 2515 et
451 2468 710 2527 pAuperem
760 2482 793 2515 a
843 2468 1067 2528 diripien-

364 2529 489 2574 tibus
510 2541 635 2574 eum.

421 2587 680 2644 Surgentes
701 2593 845 2632 testes
858 2585 1024 2645 iniqui,
1039 2585 1067 2611 Τ

363 2658 487 2703 quae
508 2644 788 2703 ignorabam
810 2645 1069 2704 interroga-

363 2704 480 2749 bant
503 2719 592 2751 me.

426 2763 768 2809 Retribuebant
811 2764 924 2809 mihi
942 2764 1070 2809 mala

364 2833 454 2879 pro
474 2821 613 2867 bonis
656 2836 668 2867 ε
701 2821 729 2846 Τ
772 2822 1069 2869 sterilitatem

364 2879 554 2926 animae
577 2892 727 2927 meae.

683 269 855 322 Feria
879 267 1119 321 secunda
1145 267 1228 321 ad
1243 267 1617 320 Matutinum.

1188 389 1297 447 Ego
1341 397 1501 435 autem
1551 401 1664 435 cum
1716 389 1835 434 mihi

1128 449 1316 496 molesti
1350 456 1519 502 essent,
1547 447 1576 474 Τ
1596 448 1836 495 induebar

1127 508 1296 555 cilicio.

1190 566 1517 614 Humiliabam
1556 565 1607 612 in
1653 564 1837 626 jejunio

1127 626 1339 674 animam
1359 639 1543 672 meam:
1560 624 1588 648 Τ
1604 635 1653 672 et
1674 626 1835 672 oratio

1128 701 1238 733 mea
1256 686 1307 732 in
1325 686 1432 733 sinu
1451 697 1560 731 meo
1587 685 1836 734 converte·

1129 753 1218 792 tur.

1187 803 1337 862 Quasi
1350 803 1632 863 proximum,
1651 811 1701 850 et
1716 816 1836 862 quar-

1129 864 1170 910 si
1177 865 1369 911 fratrem
1377 871 1606 915 nostrum,
1621 865 1691 910 sic
1700 877 1834 910 com·

1129 924 1409 983 placebam:
1431 922 1460 947 Τ
1488 923 1623 981 quasi
1660 923 1833 980 lugens

1129 981 1600 1088 {gt-:ontriStatus-sic
1612 983 1836 1029 humilia-

1190 1103 1254 1149 Et
1272 1101 1524 1148 adversum
1564 1114 1642 1146 me
1667 1100 1832 1148 laetati

1129 1169 1240 1208 sunt
1287 1170 1336 1207 et
1391 1161 1714 1207 convenerunt
1751 1176 1763 1207 ε
1804 1159 1831 1185 Τ

1130 1219 1424 1278 congregata
1442 1228 1553 1266 sunt
1583 1233 1727 1278 super
1756 1233 1833 1266 me

1129 1281 1329 1337 flagella.
1355 1287 1402 1325 et
1422 1277 1651 1337 ignoravi.

1192 1339 1422 1397 Dissipati
1442 1347 1565 1391 sunt,
1591 1351 1682 1384 nee
1703 1352 1836 1385 eom·

1130 1399 1308 1457 psuusti,
1357 1398 1657 1444 tentaverunt
1738 1411 1829 1451 me.

1129 1457 1538 1504 subsannaverunt
1544 1471 1622 1502 me
1634 1458 1837 1503 subsan-

1132 1517 1326 1565 natidne
1353 1532 1364 1564 ε
1386 1515 1414 1541 Τ
1429 1516 1739 1563 frenduerunt
1758 1530 1838 1563 su·

1132 1591 1219 1636 per
1237 1591 1314 1622 me
1335 1576 1556 1622 dentibus
1577 1576 1691 1622 suis.

1193 1636 1412 1689 Domine.
1451 1636 1646 1693 quando
1687 1634 1839 1694 respi-

1133 1696 1227 1742 cies
1248 1699 1270 1743 ?
1321 1694 1349 1721 Τ
1389 1695 1584 1742 restitue
1622 1694 1837 1742 animam

1133 1769 1291 1802 meam
1302 1769 1334 1802 a
1348 1755 1643 1813 malignitate
1649 1754 1830 1807 eorum.

1132 1829 1163 1861 a
1182 1815 1396 1861 leonibus
1434 1814 1625 1861 unioem
1660 1828 1834 1861 meam.

1195 1874 1472 1920 Confitebor
1501 1875 1584 1920 tibi
1615 1874 1665 1920 in
1691 1873 1839 1920 eccle-

1134 1934 1208 1980 sia
1218 1947 1407 1992 magna,
1430 1932 1458 1957 Τ
1474 1934 1523 1979 in
1538 1932 1721 1993 populo
1735 1946 1844 1992 gra-

1136 1994 1181 2039 vi
1201 1993 1410 2039 laudabo
1433 2001 1495 2040 te.

1198 2053 1314 2098 Non
1350 2052 1735 2111 supergAudeant
1755 2051 1844 2097 mi·

1138 2111 1187 2157 hi
1229 2112 1312 2170 qui
1361 2111 1673 2158 adversantur
1725 2111 1844 2157 mihi

1137 2170 1302 2229 inique
1329 2171 1390 2217 εΤ
1421 2173 1502 2229 qui
1533 2171 1736 2217 oderunt
1767 2184 1847 2217 me

1139 2232 1287 2289 gratis
1306 2240 1353 2277 et
1373 2230 1592 2277 annuunt
1610 2229 1778 2277 oeulis.

1198 2289 1442 2346 Quoniam
1481 2290 1598 2336 mihi
1646 2290 1846 2347 quidem

1140 2350 1336 2408 pacifice
1366 2349 1683 2408 loquebantur
1705 2363 1715 2394 ε
1738 2346 1766 2372 Τ
1796 2355 1849 2395 et

1139 2410 1187 2454 in
1208 2408 1450 2454 iracundia
1471 2416 1619 2455 terrae
1648 2406 1850 2466 loquen-

1139 2476 1224 2519 tes.
1252 2468 1389 2513 dolos
1411 2468 1701 2525 cogitabant.

1201 2528 1263 2572 Et
1281 2527 1593 2573 dilataverunt
1609 2540 1755 2584 super
1768 2538 1850 2572 me

1140 2600 1196 2632 os
1216 2600 1387 2632 suum:
1411 2584 1439 2610 Τ
1460 2586 1676 2631 dixerunt
1700 2599 1711 2631 τ
1750 2586 1851 2631 Eu-

1140 2659 1212 2704 ge,
1235 2659 1368 2703 euge,
1389 2645 1604 2691 viderunt
1619 2644 1745 2691 oculi
1762 2658 1850 2690 no·

1141 2705 1242 2751 stri.

1200 2762 1389 2816 Vidisti,
1435 2761 1655 2815 Domine,
1693 2775 1755 2808 ne
1784 2760 1847 2808 si·

1142 2822 1239 2868 lea-s
1263 2836 1274 2868 z
1295 2823 1322 2847 Τ
1353 2821 1572 2875 Domine,
1606 2834 1667 2867 ne
1694 2821 1848 2868 disoe-

1142 2882 1230 2927 das
1253 2894 1284 2928 a
1303 2894 1395 2929 me.
