2050 3392
373 273 439 340 38

369 392 529 437 statim
552 391 719 436 dicitur
739 391 1065 450 :Adjuterium

361 460 589 555 Yicisiiitigi'
616 459 662 496 et
672 451 917 498 Confiteor
939 453 1056 505 Deo,

428 571 635 623 Quando
665 578 820 613 autem
852 570 914 614 ad
948 570 1074 614 Lau-

369 630 451 673 des
484 629 642 675 dietae
672 637 782 674 sunt
817 630 979 673 Preces
1009 631 1071 673 fe-

369 689 502 732 riales
535 689 721 732 inferius
754 689 935 744 positae
963 697 1072 745 post

372 749 557 792 Laudes
609 749 769 792 Feriae
815 751 1064 799 secundae,

370 816 480 851 tunc
497 809 558 850 ad
580 808 782 852 Primam
803 808 1073 864 praedictae

371 867 534 911 Preces
555 875 600 911 et
632 876 881 924 sequentes
911 868 1075 913 dicun-

370 935 444 969 tur
465 927 595 971 flexis
616 929 828 985 genibus.

427 984 490 1042 W·
507 989 649 1048 Eripe
664 1003 753 1042 me,
769 988 987 1050 Demine,
1002 989 1066 1033 ab

362 1049 555 1094 hdmine
597 1051 737 1094 malo.
785 1047 855 1104 RV.
888 1049 932 1093 A
965 1048 1064 1092 viro

364 1109 527 1207 11)ίὲυο
548 1109 676 1167 eripe
696 1123 787 1153 me.

431 1206 439 1223 Ι
481 1200 491 1210 .
513 1169 656 1225 Eripe
677 1181 755 1212 me
782 1168 843 1212 de
864 1167 1064 1212 inimicis

364 1228 494 1278 meis.
533 1228 664 1271 Deus
694 1241 841 1272 meus.
896 1225 967 1282 RY.
1002 1227 1065 1272 Et

365 1288 428 1331 ab
460 1286 806 1343 insurgentibus
838 1287 886 1330 in
916 1286 1067 1331 meli·

366 1347 480 1390 bera
499 1359 587 1390 me.
672 1396 677 1406 Ι

430 1399 491 1457 V.
515 1405 656 1461 Eripe
678 1418 754 1448 me
781 1405 842 1449 de
868 1403 1068 1462 operen-

366 1465 491 1510 tibus
508 1463 817 1520 iniquitetem.
842 1460 914 1519 R?-
930 1464 992 1508 Et
1007 1465 1069 1509 de

366 1523 473 1568 viris
494 1523 778 1580 sanguinum
801 1523 931 1568 salva
952 1537 1042 1568 me.

432 1578 493 1635 XV.
525 1582 603 1626 Sic
633 1583 869 1639 psalmum
911 1584 1067 1627 dicam

365 1641 546 1687 nemini
561 1649 645 1687 tuo
659 1643 706 1686 in
720 1642 958 1687 saeculum
968 1655 1070 1687 sae-

366 1703 471 1747 culi.
513 1699 585 1757 RY.
622 1703 692 1748 Ut
725 1704 922 1747 reddam
958 1710 1071 1748 vota

365 1776 472 1807 mea
492 1763 553 1807 de
574 1762 651 1807 die
673 1763 719 1806 in
745 1763 884 1808 diem.
918 1810 922 1814 ,

429 1816 490 1876 V.
508 1821 692 1867 Exeudi
710 1836 811 1874 nos,
834 1824 975 1874 Deus,
996 1836 1070 1868 sa-

366 1880 528 1925 luteris
589 1889 760 1927 noster.
821 1880 894 1937 R7.
948 1883 1068 1939 Spes

365 1939 579 1985 6mnium
620 1940 787 1986 finium
823 1949 983 1993 terrae,
1020 1950 1068 1987 et

365 1999 413 2043 in
434 2000 550 2044 mari
573 2000 727 2056 longe.

428 2053 487 2113 W.
520 2060 664 2112 Deus,
702 2061 751 2104 in
780 2060 1068 2119 adjuterium

364 2133 521 2163 meum
551 2119 753 2165 intende.
794 2118 866 2177 137.
904 2121 1069 2166 Demi-

364 2192 437 2283 τιιῗ,
465 2181 529 2224 ad
559 2180 880 2238 adjuvandum
902 2194 979 2225 me
1004 2181 1070 2225 fe-

363 2247 406 2284 st
426 2252 501 2285 na.

425 2293 696 2350 VSancstus
711 2301 854 2352 Deus,
863 2300 1067 2345 Sanetus

364 2357 509 2409 fortis.
537 2360 740 2405 Sanetus
768 2360 1062 2406 immortalis.

369 2415 436 2472 R7-
468 2419 691 2465 Miserere
712 2420 863 2465 nobis.

427 2473 484 2530 W.
516 2478 731 2530 Benedic‚
758 2479 920 2523 anima
939 2493 1059 2530 mea.

367 2536 590 2584 Demino.
640 2535 712 2594 RV·
770 2539 833 2584 Et
884 2538 1058 2588 emnia,

366 2610 489 2654 quae
510 2598 632 2643 intra
647 2611 724 2642 me
739 2604 860 2649 sunt,
884 2597 1064 2643 nemini

365 2656 533 2701 saneto
553 2658 665 2714 eJus.

424 2709 484 2768 XV.
518 2715 731 2768 Benedic,
758 2714 918 2760 §.nima
938 2729 1058 2767 mea,

369 2773 493 2817 Dno.
524 2773 595 2828 137.
635 2775 696 2819 Et
727 2775 821 2818 noli
853 2774 1064 2819 oblivisci

366 2843 531 2876 omnes
552 2833 877 2878 retributienes
897 2835 1011 2891 ejus.

419 2885 480 2945 JV.
501 2890 595 2945 Qui
611 2892 894 2949 propitietur
913 2893 1064 2938 emni-

632 270 704 322 In
712 271 925 338 feriali
950 271 1139 340 Officio
1165 271 1248 323 ad
1265 271 1538 323 Primam.

1130 394 1220 438 bus
1250 392 1578 450 iniquitatibus
1612 395 1721 440 tuis.
1766 399 1828 454 15⁷
1834 432 1843 441 .

1132 453 1227 507 Qui
1249 460 1385 497 sanat
1408 466 1575 498 omnes
1593 453 1848 501 infirmita-

1133 520 1203 557 tes
1226 519 1346 557 tuas.

1199 569 1361 629 WQui
1371 571 1559 616 redimit
1575 573 1636 617 de
1645 572 1845 619 interitu

1131 631 1277 675 vitam
1311 638 1454 676 tuam.
1489 630 1564 689 ΚΤ.
1585 632 1682 687 Qui
1704 632 1847 678 core-

1131 698 1211 735 nat
1256 698 1302 735 te
1343 690 1390 735 in
1430 691 1757 738 misericerdia
1793 700 1847 738 et

1131 750 1524 795 miseratienibus.

1192 805 1260 865 XV,
1295 809 1388 864 Qui
1431 810 1579 866 replet
1615 811 1664 855 in
1698 811 1849 856 bonis

1131 868 1413 915 desiderium
1446 877 1596 914 tuum.
1641 869 1712 927 ΚΤ.
1750 871 1852 916 Re-

1132 927 1392 980 novebitun
1401 936 1453 972 ut
1461 927 1663 985 aquilae,
1673 929 1850 987 juven-

1131 995 1206 1032 tus
1234 995 1327 1032 tua,

1196 1042 1258 1100 ΧΓ,
1286 1044 1592 1105 Ad'juterium
1620 1054 1848 1094 nostrum

1131 1106 1180 1150 in
1200 1105 1392 1150 nemine
1415 1106 1623 1152 Demini.
1653 1106 1724 1164 R7.
1742 1108 1846 1164 Qui

1131 1165 1239 1210 fecit
1262 1167 1448 1212 coelum
1469 1174 1516 1211 et
1538 1173 1725 1211 terram.

1197 1240 1382 1285 Deinde
1420 1241 1852 1292 Hebdomadarius

1136 1300 1247 1345 facit
1269 1301 1613 1348 consessionem
1642 1318 1652 1349 :

1281 1374 1682 1421 ONFITEOR
1730 1376 1846 1422 Deo

1311 1435 1638 1492 omnipotenti.
1666 1435 1846 1482 beatae

1136 1493 1319 1538 Mariae
1383 1507 1570 1551 semper
1632 1494 1838 1552 Virgini,

1133 1552 1276 1597 beato
1309 1553 1531 1598 Michaeli
1565 1553 1846 1613 Archdnge-

1135 1613 1193 1664 lo,
1217 1612 1359 1656 beato
1373 1612 1548 1676 Joanni
1574 1613 1837 1670 Baptistae,

1134 1671 1310 1717 sanetis
1343 1672 1589 1730 Apestolis
1619 1672 1765 1719 Petro
1794 1683 1845 1721 et

1137 1731 1300 1784 Paulo,
1323 1732 1544 1778 &mnibus
1566 1733 1770 1787 Sanetis,
1795 1743 1844 1780 et

1134 1793 1280 1842 vobis,
1303 1792 1498 1837 fratres:
1533 1793 1644 1850 quia
1673 1795 1845 1851 pecce-

1135 1851 1177 1895 vi
1215 1852 1353 1896 nimis
1389 1852 1692 1909 cogitatiene‚
1741 1868 1844 1905 ver-

1133 1911 1210 1962 bo,
1238 1918 1285 1956 et
1317 1911 1492 1968 epere:
1536 1926 1643 1957 mea
1677 1913 1835 1972 culpa,

1136 1984 1242 2015 mea
1283 1972 1437 2028 culpa,
1480 1986 1588 2016 mea
1629 1972 1843 2019 mexima

1135 2030 1288 2087 culpa.
1331 2031 1445 2076 Ideo
1467 2045 1633 2088 precor
1644 2032 1841 2077 beatam

1137 2090 1340 2135 Mariam
1367 2104 1555 2147 semper
1575 2092 1835 2149 Virginem,

1134 2150 1327 2195 beritum
1361 2149 1648 2195 Michaelem
1690 2151 1841 2196 Arch-

1133 2208 1192 2253 An
1197 2210 1370 2267 gelum.
1390 2209 1583 2255 beatum
1599 2210 1840 2272 Johnnem

1137 2269 1413 2326 Baptistam.
1466 2268 1661 2315 sanetos
1707 2271 1840 2328 Ape-

1133 2329 1281 2374 stolos
1314 2330 1502 2373 Petrum
1534 2337 1583 2374 et
1617 2330 1831 2381 Paulum,

1133 2402 1298 2433 omnes
1321 2387 1537 2439 Sanetos,
1557 2397 1603 2433 et
1628 2404 1723 2442 vos,
1747 2390 1838 2434 fra-

1132 2455 1238 2500 tres,
1267 2448 1400 2493 ordre
1424 2461 1510 2505 pro
1541 2462 1620 2494 me
1641 2450 1706 2494 ad
1739 2449 1838 2495 De-

1131 2507 1313 2551 minum
1332 2507 1487 2552 Deum
1510 2517 1742 2555 nostrum.

1236 2582 1422 2630 Chorus
1443 2586 1699 2644 respondet
1722 2599 1733 2630 ε

1287 2655 1734 2701 ISEREATUR
1764 2656 1831 2702 tui

1314 2715 1617 2772 omnipotens
1628 2717 1769 2769 Deus,
1785 2724 1829 2761 et

1129 2772 1333 2819 dimissis
1362 2774 1568 2832 peccetis
1598 2777 1704 2830 tuis,
1731 2789 1831 2834 per-

1129 2832 1273 2879 ducat
1310 2842 1358 2879 te
1396 2835 1462 2878 ad
1503 2835 1650 2880 vitam
1685 2835 1831 2881 aeter-

1128 2906 1254 2939 nam.
1281 2893 1355 2952 1³7.
1382 2892 1552 2940 Amen.
