2050 3392
363 378 563 423 alteram
583 375 647 420 ad
666 372 876 424 Alteram,
913 377 960 415 et
988 382 1071 415 vo-

364 450 468 483 cem
519 435 728 481 rotmm
775 430 1071 489 sequentium

365 496 602 547 animalia,
649 502 696 539 et
735 505 900 537 vocem
943 502 1072 535 com-

367 556 592 603 motidnis
613 565 830 610 magnae.

428 614 500 665 Π]-
537 613 680 659 Genti
702 608 965 669 peccatrici,
988 608 1074 667 ρό-

365 676 481 735 pulo
512 674 660 750 pleno
701 670 897 729 peccato
937 670 1075 714 mise-

367 736 481 787 rere,
558 732 764 778 deine
797 731 942 775 Deus.
1007 721 1068 779 X?-

369 795 489 840 Esto
502 791 744 851 placabilis
758 803 900 849 super
912 788 1076 847 nequi-

369 854 484 901 tiam
518 852 680 911 pcpuii
703 850 1071 896 tui.—-D‹5mine.

369 911 536 961 Gloria
557 912 714 971 Patri.-
756 910 977 970 DQmine.
1008 962 1015 969 ,

430 968 749 1025 Responsorla
761 962 900 1022 hujus
912 968 1080 1007 ternae

372 1031 534 1074 Feriae
574 1032 851 1086 repetuntur
886 1025 934 1068 in
975 1023 1081 1067 aliis

371 1091 521 1135 tertiis
544 1089 689 1135 Feriis
718 1100 868 1145 usque
895 1084 960 1131 ad
980 1084 1082 1129 Ad-

370 1160 578 1195 ventum.

470 1288 509 1334 F
511 1287 672 1334 ERIA
703 1282 986 1341 QUARTA

419 1362 495 1407 De
516 1358 760 1407 Ezechiele
782 1355 1038 1415 Propheta.

437 1431 603 1483 Lec‘tio
622 1431 655 1480 i.
802 1434 915 1491 Cap.
945 1432 1019 1477 vii.

396 1527 434 1557 ;-·
591 1509 649 1556 ,Τ
667 1506 817 1552 factus
838 1513 909 1550 est
931 1517 1087 1549 sermo

396 1609 399 1614 .
440 1577 516 1605 '³2
641 1566 832 1612 deini
884 1566 949 1610 ad
990 1578 1081 1616 me,

396 1624 400 1629 ’
454 1606 583 1683 ,ἰῇ-Γ
641 1628 799 1672 [licens
855 1639 865 1670 :
917 1625 980 1670 Et
1035 1631 1087 1669 tu

396 1710 428 1722 „
478 1686 482 1694 ’
529 1720 549 1724 --
643 1688 702 1732 fili
723 1684 943 1738 heminis,
969 1684 1087 1730 haec

380 1752 492 1794 dicit
531 1750 760 1794 meminus
783 1747 915 1791 Deus
936 1753 1089 1790 terrae

380 1808 526 1853 Israel
567 1822 578 1852 ε
617 1808 746 1852 Finis
782 1807 920 1859 venit,
961 1805 1088 1850 venit

378 1867 484 1913 finis
515 1880 657 1924 super
687 1865 892 1923 quatuor
921 1865 1089 1923 plagas

378 1934 542 1972 terrae.
591 1927 733 1970 Nunc
747 1925 853 1970 finis
869 1938 1009 1983 super
1023 1932 1082 1976 te,

378 1994 426 2031 et
462 1985 718 2030 immittam
753 1983 958 2030 furdrem
992 1997 1089 2028 me-

379 2059 462 2090 um
498 2046 548 2090 in
585 2052 644 2097 te,
685 2053 734 2090 et
771 2043 997 2103 judicabo
1041 2051 1089 2088 te

373 2106 511 2165 Juxta
541 2105 639 2150 vias
671 2111 776 2150 tuas
803 2118 813 2148 ε
835 2112 882 2149 et
909 2116 1089 2161 ponam

379 2172 547 2210 contra
582 2172 629 2210 te
657 2177 823 2210 omnes
843 2164 1090 2208 abomina-

380 2225 534 2271 tidnes
550 2232 668 2270 tuas.
739 2225 801 2269 Et
815 2236 913 2268 non
928 2229 1090 2281 parcet

379 2285 548 2332 deuius
582 2298 716 2330 meus
755 2297 897 2342 super
937 2290 996 2334 te,
1043 2290 1089 2327 et

380 2358 479 2390 non
529 2344 787 2390 miserebor
814 2358 824 2388 :
857 2343 942 2388 sed
991 2341 1092 2387 vias

381 2411 489 2450 tuas
535 2418 714 2463 ponam
755 2415 895 2461 super
936 2407 995 2453 te,
1043 2409 1090 2447 et

380 2464 760 2510 abominaticnes
788 2470 898 2507 tuae
925 2461 973 2506 in
995 2461 1093 2507 me-

382 2525 464 2570 dio
506 2525 574 2569 tui
611 2529 747 2568 erunt
795 2536 805 2566 ε
847 2528 895 2567 et
937 2521 1092 2566 scietis

382 2585 496 2642 quia
515 2597 607 2640 ego
631 2582 881 2628 Deminus.

507 2679 521 2692 .
546 2642 777 2688 Indicabo
807 2640 890 2686 tibi
924 2640 1087 2692 homo,

383 2702 463 2802 {ui
529 2702 588 2747 sit
617 2703 797 2747 bonum
823 2714 832 2745 :
861 2707 945 2746 aut
977 2700 1094 2758 quid

433 2760 621 2805 dminus
655 2761 862 2820 requirat
891 2774 921 2806 a
953 2768 1033 2806 te:

387 2817 558 2861 Fecere
605 2820 833 2876 judicium
874 2828 922 2865 et
958 2819 1095 2879 justi-

384 2875 568 2930 tiam,et
581 2879 832 2928 sollicitum
847 2880 1095 2928 ambulare

1068 2757 1095 2780 ὓ

363 239 468 309 264
579 238 746 310 Infra
777 236 953 291 Hebd.
970 233 1226 306 primam
1254 224 1607 283 Novembris.

1134 380 1244 412 cum
1266 365 1371 410 Deo
1392 370 1489 409 tuo,
1541 354 1604 415 V.
1630 359 1787 418 Spera
1803 359 1859 405 in

1135 426 1361 476 Demino,
1388 431 1435 468 et
1457 421 1531 466 fac
1558 419 1853 472 bonitdtem,

1135 494 1182 533 et
1224 483 1439 530 inhabita
1480 489 1670 528 terram.
1687 505 1749 512 —
1764 479 1860 525 Εὐ.-

1136 560 1256 593 cere.

1373 613 1538 663 Lectio
1559 613 1605 659 ii.

1274 692 1384 740 AEC
1434 691 1550 738 dicit
1612 688 1865 736 deinus

1307 754 1439 799 Deus
1465 766 1475 797 :
1498 749 1712 796 Afflictio
1736 764 1856 803 una,

1140 812 1336 861 afflictio
1365 826 1475 858 ecce
1503 811 1645 855 venit.
1723 809 1862 855 Finis

1140 875 1279 926 venit,
1305 873 1433 918 venit
1468 872 1587 923 finiS,
1614 870 1863 928 evigilavit

1142 934 1392 979 adversum
1428 939 1476 978 te
1517 945 1527 976 :
1564 943 1676 976 ecce
1709 931 1858 975 venit.

1142 994 1286 1039 Venit
1327 991 1549 1038 contritio
1606 1002 1752 1048 super
1796 998 1859 1042 te.

1144 1055 1223 1111 qui
1246 1053 1434 1099 habitas
1453 1052 1503 1096 in
1524 1059 1649 1096 terra
1685 1063 1697 1094 :
1727 1050 1865 1095 venit

1144 1122 1346 1171 tempus,
1369 1124 1518 1170 prope
1533 1117 1604 1155 est
1618 1110 1722 1154 dies
1735 1109 1868 1155 occi-

1145 1173 1303 1225 εἰόηίε,
1330 1180 1377 1217 et
1399 1184 1494 1216 non
1522 1169 1702 1228 gldriae
1723 1169 1869 1215 rudn-

1146 1233 1280 1278 tium.
1348 1232 1491 1276 Nunc
1506 1232 1568 1275 de
1584 1228 1869 1287 propinquo

1145 1292 1390 1346 efft'mdam
1408 1292 1524 1335 iram
1541 1302 1700 1333 meam
1718 1302 1871 1347 super

1148 1358 1208 1403 te,
1258 1358 1306 1396 et
1357 1349 1611 1408 complebo
1652 1348 1868 1394 furdrem

1148 1425 1310 1457 meum
1331 1411 1379 1455 in
1402 1418 1448 1455 te
1475 1423 1485 1454 ε
1507 1417 1554 1454 et
1566 1407 1801 1468 Judicfibo
1819 1415 1869 1453 te

1143 1472 1281 1530 juxta
1313 1471 1415 1515 vias
1456 1477 1576 1521 ωας,
1622 1474 1670 1512 et
1728 1468 1869 1525 πηρό-

1149 1545 1262 1576 nam
1281 1532 1366 1576 tibi
1388 1530 1552 1575 &mnia
1565 1527 1744 1573 scelera
1761 1535 1867 1572 tua:

1152 1592 1213 1636 Et
1229 1604 1325 1635 non
1349 1597 1509 1649 parcet
1524 1588 1692 1635 &culus
1708 1601 1862 1639 meus,

1150 1664 1238 1695 nec
1255 1649 1523 1702 miserebor,
1542 1648 1626 1693 sed
1640 1648 1743 1692 vias
1757 1654 1870 1693 tuas

1150 1711 1397 1770 impdnam
1419 1710 1518 1762 tibi,
1544 1716 1593 1754 et
1614 1709 1872 1753 abomina-

1152 1772 1304 1817 tidnes
1353 1778 1461 1815 tuae
1502 1769 1551 1814 in
1591 1769 1756 1814 medio
1798 1769 1869 1813 tui

1152 1838 1288 1876 erunt
1315 1844 1325 1876 :
1358 1838 1405 1875 et
1437 1829 1594 1875 scie'tis
1626 1829 1743 1902 quia
1773 1841 1872 1885 ego

1153 1904 1258 1936 sum
1276 1888 1511 1936 D6minus
1526 1888 1813 1946 percutiens.

1221 1959 1292 2004 RJ,
1319 1947 1585 2008 Angt'lstiae
1613 1947 1731 1992 mihi
1755 1956 1870 1993 sunt

1152 2009 1376 2072 nudique,
1422 2017 1470 2054 et
1521 2008 1639 2066 quid
1691 2007 1870 2065 eligam

1152 2070 1322 2128 igndro
1348 2084 1359 2115 ε
1384 2069 1410 2092 ⁴*
1432 2068 1605 2114 Melius
1640 2075 1713 2112 est
1750 2067 1869 2111 mihi

1152 2130 1359 2175 incidere
1402 2129 1450 2173 in
1497 2141 1669 2173 manus
1714 2126 1872 2172 hemi·

1155 2203 1283 2242 num,
1306 2202 1449 2247 quam
1463 2187 1790 2245 derelinquere
1805 2186 1872 2231 le-

1154 2263 1264 2308 gem
1287 2249 1376 2294 Dei
1399 2247 1507 2293 mei.
1557 2245 1613 2298 X'.
1665 2246 1717 2291 Si
1739 2247 1871 2291 enim

1155 2310 1247 2355 hoc
1276 2309 1431 2367 egero,
1457 2319 1586 2352 mors
1610 2306 1727 2351 mihi
1756 2313 1831 2351 est
1857 2320 1870 2350 t

1155 2370 1193 2415 si
1233 2378 1392 2415 autem
1427 2381 1524 2412 non
1566 2366 1726 2425 egero,
1770 2379 1871 2411 non

1154 2429 1381 2487 effngiarn
1410 2440 1583 2474 manus
1610 2434 1874 2474 vestras.—

1157 2487 1345 2535 Melius.

1388 2561 1555 2610 Lectio
1575 2562 1636 2610 iii.

1306 2636 1435 2683 CCE
1451 2635 1567 2689 dies,
1588 2649 1699 2682 ecoe
1713 2634 1845 2681 venit
1861 2648 1872 2681 :

1165 2637 1209 2804 ‘e
1251 2638 1306 2767 1:
1333 2696 1524 2754 egressa
1535 2703 1608 2742 est
1624 2695 1867 2746 contritio.

1157 2756 1190 2802 fl
1225 2764 1316 2803 ruit
1373 2757 1520 2815 vii-ga,
1586 2755 1875 2814 germimivit

1158 2816 1403 2874 superbia:
1447 2815 1680 2874 Iniquitas
1723 2815 1877 2860 surre-

1158 2878 1227 2926 xit
1247 2877 1296 2923 in
1318 2876 1451 2937 virga
1464 2874 1723 2937 impietatis
1745 2887 1876 2923 :non
