2050 3392
387 252 469 299 Die
502 252 599 301 xiv.
624 250 923 303 Novembris,
949 254 998 305 S.
1037 253 1297 301 laurentii.
1585 251 1642 300 11

350 354 504 399 Lectio
541 366 585 401 v.

158 428 400 467 sruucro
456 417 716 479 aliquando
751 426 855 479 posi

56 437 153 539 D
203 485 437 546 Gregorio
466 485 749 532 Dublinensi
779 498 854 531 ar·

60 553 444 612 chieplscopo‚
497 551 676 598 invitus
724 552 854 609 licet,

62 629 132 667 et
172 618 349 665 modis
367 617 592 676 omnibus
613 620 858 664 reluctans

72 689 137 733 in
175 684 292 743 ejus
316 684 475 731 locum
501 684 718 744 eligitur,
749 690 796 730 et
829 697 857 729 a

66 751 304 800 Gelasio
333 752 481 797 totius
506 749 741 797 Hiberniae
760 750 854 796 l‘ri-

73 821 239 866 mate
281 817 610 865 consecratur.
639 816 750 875 Qui,
804 821 855 862 ut

75 885 429 933 commissum
467 883 561 930 sibi
621 883 848 942 populum

75 953 158 999 ad
192 950 435 1012 genuinos
458 949 730 996 enascentis
757 949 848 996 Ec·

75 1019 273 1066 clesiae
320 1029 494 1076 mores,
521 1015 710 1062 Clerum
743 1028 852 1062 vero

83 1084 164 1132 ad
197 1083 356 1130 sancti
376 1081 630 1142 Augustini
655 1081 852 1128 institu-

83 1160 212 1198 tum
240 1149 539 1207 reformaret,
556 1148 744 1208 aliquos
768 1148 853 1194 Ar-

84 1216 333 1265 vacensis
351 1213 739 1275 Congregationis
773 1227 850 1260 ca·

90 1282 316 1332 nonicos
344 1281 603 1329 Dubliuum
645 1280 851 1327 advoca-

91 1351 198 1409 vit,
230 1349 517 1410 quibuscum
547 1355 593 1394 et
623 1346 762 1395 domo
805 1352 852 1393 et

91 1428 284 1464 mensa
320 1413 561 1462 communi
608 1414 848 1462 utebatur.

94 1484 233 1532 Mira
256 1483 303 1529 in
336 1494 390 1529 eo
412 1480 708 1542 humanitas,
736 1480 853 1527 mira

94 1551 153 1597 in
186 1548 424 1609 pauperes
438 1547 850 1608 benignitas,quos

96 1618 157 1664 in
194 1628 364 1675 magna
389 1615 605 1662 ciborum
630 1613 846 1673 penuria,

103 1695 201 1740 per
231 1681 488 1729 triennium
514 1679 572 1727 ad
593 1680 722 1727 mille
746 1693 852 1727 sus-

101 1749 336 1798 tentavit.
395 1746 658 1795 Auster-itas
716 1751 846 1795 tanta

98 1823 163 1864 ut
202 1815 277 1862 vix
306 1823 376 1862 ter
421 1815 468 1860 in
523 1812 839 1871 hebdomade,

102 1881 304 1929 modico
326 1893 444 1941 pane
466 1886 512 1927 et
526 1892 668 1939 aqua,
685 1879 842 1926 cilicio

102 1957 154 1997 et
183 1947 387 2009 flagellis
408 1947 624 1994 attritum
672 1958 843 2006 corpus

101 2014 350 2063 reficeret.
364 2014 560 2061 Romam
582 2011 841 2073 profectus,

105 2094 224 2129 cum
252 2079 394 2127 multa
416 2079 483 2127 ibi
511 2092 594 2139 pro
623 2078 844 2126 Ecclesiae

108 2162 218 2197 suae
239 2146 453 2194 libertate
470 2146 747 2205 peregisset,
773 2150 848 2193 to-

112 2217 219 2263 tius
283 2213 521 2260 Hiberniae
583 2213 766 2273 legatus
820 2224 847 2257 a

116 2292 309 2330 summo
335 2277 558 2327 Pontifice
595 2277 844 2325 constitui-

118 2355 220 2398 tur.
235 2349 339 2405 Quo
362 2347 408 2393 in
430 2348 623 2392 munere
642 2344 845 2404 prophe-

122 2419 203 2464 tiae
217 2414 336 2462 dono
349 2419 395 2461 et
408 2411 844 2471 miraculorumglo·

121 2483 198 2529 ria
233 2480 456 2538 illustris,
482 2480 585 2525 suis
623 2477 845 2537 precibus

120 2548 359 2596 daemones
394 2547 569 2605 saepius
626 2544 844 2604 fugerim

122 2613 582 2673 variislauguoribus
593 2613 845 2670 oppressos

123 2680 317 2727 sanitati
364 2678 592 2736 restituit,
635 2678 846 2723 mortuos

124 2746 186 2794 ad
211 2746 349 2793 vitam
370 2744 622 2792 revocavit.

128 2814 186 2880 ἡ).
208 2811 344 2860 Posui
359 2810 666 2870 adjutorium.

190 2929 193 2932 .
306 2910 311 2915 ·
356 2882 509 2928 Lectio
532 2882 597 2938 vj.

196 2953 288 2992 uAu
317 2944 503 2991 demum
529 2947 574 2990 et
595 2943 700 3002 ipse
717 2955 844 2990 mor-

130 2965 182 3064 S
202 3018 287 3059 tem
311 3010 544 3072 praevldit.
559 3009 678 3056 Dum
695 3009 839 3067 enim,

132 3094 212 3140 pro
266 3090 374 3139 pace
426 3076 550 3123 inter
591 3076 840 3123 Henricum

921 351 1098 412 Angliae
1116 358 1162 399 et
1183 351 1449 400 AEdericum
1471 351 1643 400 iliber-

918 419 1006 466 niae
1032 431 1170 473 reges
1217 418 1423 466 ineunda
1455 418 1500 464 in
1528 419 1644 465 Nor-

919 485 1156 532 msndiam
1205 484 1521 544 proficiscitur
1545 521 1558 545 ‚
1597 486 1643 530 in

918 551 1088 599 febrim
1135 551 1320 599 incidit.
1350 551 1441 609 Qui
1479 550 1559 597 ubi
1590 563 1643 597 ex

916 618 1151 677 Augensis
1182 617 1357 664 montis
1390 617 1645 676 supercilio

914 683 1065 730 beatae
1089 685 1247 731 Marlae
1287 683 1541 731 Ecclesiam
1572 684 1645 729 vi-

915 749 1157 810 ‹lit,quam
1182 749 1407 798 canonici
1433 749 1643 796 instituti

913 829 1018 863 esse
1040 817 1280 864 audierat:
1312 816 1437 875 floec,
1468 815 1644 877 inquil,

911 882 1101 943 requies
1155 896 1259 930 mea
1301 883 1349 929 in
1400 884 1626 928 saecuium

913 949 1074 995 saeculi
1097 967 1109 1004 ;
1148 949 1224 996 hic
1252 948 1495 1005 habitam,
1522 950 1638 1008 quo-

916 1015 1040 1061 niam
1091 1015 1210 1076 elegi
1255 1028 1376 1062 eam.
1413 1014 1502 1061 Ubi
1532 1028 1643 1075 ergo

913 1081 1118 1140 primum
1168 1080 1227 1128 ad
1260 1094 1363 1129 eain
1399 1081 1638 1139 accessit,

912 1149 1155 1207 praemissa
1181 1147 1496 1208 confessione,
1508 1160 1642 1194 sacro

913 1213 1091 1261 viatico
1112 1215 1349 1273 munitus,
1376 1214 1435 1260 ab
1459 1213 1642 1260 Abbate

912 1278 1115 1328 Osberto
1141 1288 1185 1328 et
1205 1280 1459 1328 Canonicis
1485 1280 1531 1326 in
1556 1279 1645 1327 sra-

913 1352 1031 1393 trem
1051 1346 1198 1407 recipi
1223 1346 1503 1409 postulavit,
1528 1347 1641 1406 qui-

914 1412 1008 1460 bus
1047 1413 1367 1460 libentissime
1418 1415 1643 1460 annuen-

915 1478 1063 1535 tibus,
1103 1482 1366 1526 extremum
1433 1479 1644 1537 sumpsit

911 1546 1200 1605 unctionem,
1217 1545 1496 1592 aeternitatis
1523 1557 1641 1604 pau-

913 1610 955 1658 lo
975 1618 1084 1671 post
1100 1612 1317 1659 bravium
1336 1614 1639 1670 accepturum

909 1690 1050 1739 quem
1106 1678 1340 1725 Honorius
1365 1676 1494 1737 Papa
1522 1677 1635 1724 Ter·

909 1745 1004 1791 tius
1077 1746 1356 1793 Sanctorum
1420 1743 1633 1803 catalogo

907 1810 1183 1871 adscripsit.

915 1881 971 1932 ιῑ,
1001 1875 1095 1925 Iste
1122 1888 1191 1925 est
1217 1877 1299 1938 qui
1325 1882 1450 1924 ante.

1023 1949 1075 1996 ln
1098 1948 1234 1996 terlio
1261 1948 1514 1994 NocturnO.

976 2017 1008 2061 i.
1025 2012 1144 2058 ectio
1168 2010 1319 2058 sancti
1346 2008 1586 2070 Evangelii

980 2078 1242 2126 secundum
1278 2077 1573 2124 Matihaeum.

1013 2151 1168 2197 Lectio
1197 2150 1277 2206 vij.
1310 2147 1431 2202 Cap.
1457 2141 1540 2189 95.

981 2219 1011 2256 Ν
1038 2210 1120 2258 illo
1144 2213 1380 2270 temporo:
1416 2209 1541 2255 Dixit
1562 2209 1636 2255 Je-

932 2229 1065 2328 Isus
1085 2275 1342 2336 discipulis
1367 2278 1470 2322 suis
1493 2276 1635 2335 para-

911 2343 1065 2391 bolam
1088 2343 1207 2388 hanc
1230 2361 1240 2388 :
1273 2343 1419 2389 Homo
1446 2344 1638 2401 peregre

912 2407 1215 2469 proficiscens
1261 2408 1441 2455 vocavit
1475 2421 1637 2455 servos

910 2488 1045 2534 suos,
1071 2483 1117 2522 et
1147 2473 1348 2521 tradidit
1378 2473 1473 2520 illis
1511 2474 1634 2521 bona

909 2556 1012 2590 sna.
1045 2541 1098 2588 Et
1128 2541 1326 2601 reliqua.

948 2607 1153 2656 Romilia
1178 2607 1328 2654 sancti
1359 2605 1597 2653 Ambrosii

1153 2673 1394 2732 Episcopi.

975 2738 1153 2788 Homil.
1168 2748 1208 2786 et
1228 2740 1312 2787 lib.
1330 2739 1379 2786 2.
1401 2740 1459 2784 de
1490 2740 1634 2784 Voca-

905 2807 1033 2855 tione
1048 2807 1184 2854 Gem.
1200 2819 1308 2864 cap.
1327 2805 1377 2852 ⁶2.
1391 2813 1497 2863 post
1508 2805 1630 2850 med.

976 2882 1101 2919 nun
1128 2871 1383 2931 unicuique
1403 2870 1508 2916 sine
1532 2872 1633 2916 me-

999 2940 1109 2995 rito,
1134 2936 1256 2985 unde
1277 2937 1439 2985 tendat
1458 2935 1516 2982 ad
1542 2937 1634 2982 me-

903 3006 1046 3053 ritum
1077 3023 1089 3051 e
1118 3011 1162 3052 et
1186 3004 1325 3051 datur
1350 3007 1459 3049 ante
1481 3001 1631 3047 ullum

905 3072 1136 3130 laborem,
1159 3070 1282 3117 unde
1298 3067 1501 3130 quisque
1518 3080 1632 3114 mer-
