2050 3392
428 293 598 348 cclxx.
692 292 806 346 Die
827 305 898 360 23
929 290 1060 356 057„
1086 288 1195 342 SS.
1224 283 1637 355 Redempton's.

426 437 474 474 et
495 426 711 473 fundAvit
735 435 905 473 terram
930 438 940 477 ς
963 431 1010 469 et
1039 422 1137 469 for-

429 488 621 533 midasti
660 485 834 546 jugiter
864 492 965 537 tota
995 483 1076 527 die
1107 496 1138 527 a

429 547 551 593 facie
591 545 762 592 fureris
801 545 915 603 eJus‚
957 542 1040 599 qui
1088 550 1137 586 te

429 605 699 655 tribulabat,
760 611 807 649 et
886 603 1138 660 paraverat

428 667 495 711 ad
570 663 831 710 erdendum
855 662 970 706 :ubi
1009 673 1138 705 nune

429 734 501 770 est
551 737 663 768 uror
691 721 994 767 tribulantis?
1028 719 1138 764 Cito

428 783 585 828 veniet
600 781 822 839 grediens
843 782 906 825 ad
927 779 1140 838 aperien-

429 843 561 894 dum,
587 850 636 886 et
657 854 757 885 non
789 839 1041 884 interficiet
1062 851 1140 882 us-

428 915 523 959 que
544 901 609 946 ad
631 899 1020 949 internecienem.
1049 910 1139 941 nec

429 960 620 1005 desiciet
632 960 773 1018 panis
789 959 906 1016 ejus.
936 958 1043 1015 Ego
1056 970 1140 1001 au-

432 1028 531 1066 tem
572 1034 680 1065 sum
722 1018 960 1064 Deminus
1009 1017 1140 1062 Deus

432 1087 558 1125 tuuS.

496 1143 568 1200 R7‚
596 1139 745 1190 Deus,
782 1136 864 1195 qui
897 1137 1034 1182 sedes
1065 1147 1142 1180 su-

434 1212 519 1256 per
569 1198 811 1248 thronum,
858 1204 906 1241 et
953 1194 1141 1253 judicas

432 1257 738 1314 aequitatem,
766 1263 868 1300 esto
905 1255 1141 1311 refugium

430 1316 699 1373 pauperum
720 1316 769 1359 in
790 1312 1141 1359 tribulatiene.⁴⁶

431 1374 561 1429 Quia
591 1381 642 1418 tu
674 1374 805 1419 solus
835 1372 1064 1423 laberetu,
1094 1380 1141 1418 et

432 1432 648 1478 dolerem
713 1430 1003 1477 consideras.
1067 1437 1133 1497 JV,

433 1492 544 1537 Tibi
584 1493 712 1537 enim
764 1489 1019 1536 derelietus
1070 1497 1143 1535 est

434 1565 628 1611 pauper,
656 1551 839 1610 pupillo
860 1558 914 1595 tu
939 1550 1032 1595 eris
1060 1550 1144 1593 ad-

429 1610 642 1670 jutor.—
662 1612 790 1667 Quia
829 1618 895 1656 tu.
973 1608 1145 1656 Gleria

439 1671 582 1718 Patri.
648 1671 776 1727 Quia
796 1678 864 1716 tu.

497 1760 550 1803 In
575 1759 787 1806 secundo
809 1756 1075 1805 Noeturno.

492 1838 616 1883 Asia.
656 1829 961 1889 Suscepimus
1012 1828 1146 1873 Deus

437 1890 813 1937 misericerdiam
834 1897 968 1935 tuam
981 1888 1030 1933 in
1050 1888 1146 1932 me-

437 1952 521 1996 dio
536 1951 700 2008 templi
714 1951 798 1995 tui.
848 1954 1018 2008 Psalm,
1053 1948 1147 1992 Ex-

438 2010 602 2055 audiat
623 2018 670 2054 te
694 2008 944 2054 Deminus.
972 2008 1040 2052 16.

493 2072 615 2118 Asia.
656 2067 733 2112 Tu
784 2081 836 2112 es
885 2067 988 2123 ipse
1046 2067 1147 2111 Rex

439 2140 586 2180 meus,
623 2127 706 2184 qui
737 2127 936 2171 mandas
967 2123 1146 2170 salutes

439 2186 666 2250 inJacob.
690 2188 917 2237 psalmus,
947 2183 1145 2229 Demini

441 2255 513 2292 est
535 2254 670 2291 terra.
694 2258 766 2303 32.

492 2311 611 2356 Afia,
650 2304 854 2349 Immola
876 2302 981 2347 Deo
1003 2302 1146 2347 sacri-

442 2365 605 2411 ficium
626 2364 792 2416 laudis,
820 2370 868 2408 et
897 2363 1045 2406 redde
1064 2361 1147 2406 Al-

443 2425 627 2471 tissimo
648 2432 761 2468 vota
777 2431 875 2468 tua.
903 2426 1134 2474 psalmus,

445 2485 576 2529 Deus
597 2491 757 2528 noster
778 2480 1028 2538 refugium.
1049 2493 1121 2537 70.

499 2546 552 2596 ἱ
593 2543 841 2587 Memento
863 2539 1024 2592 nostri,
1050 2538 1148 2584 De-

443 2603 583 2654 mine,
599 2602 646 2646 in
662 2599 961 2659 beneplecito
981 2597 1144 2656 pepuli

441 2663 526 2708 tui.
553 2664 623 2719 RJ.
664 2659 816 2704 Visita
843 2672 931 2703 nos
952 2658 1001 2702 in
1022 2656 1148 2702 salu-

445 2720 533 2766 tati
556 2728 657 2766 tuo.

479 2797 647 2840 Sermo
669 2795 716 2839 S.
738 2794 912 2840 Leenis
936 2793 1112 2850 Papae.

508 2854 661 2898 Serm.
692 2868 731 2898 1.
757 2854 813 2898 de
819 2851 1009 2910 jejunio
1030 2865 1072 2896 κ.

556 2913 732 2958 mensis,
746 2916 794 2957 et
810 2911 1024 2957 collectis.

1441 438 1615 486 Lectio
1640 440 1703 489 iv.
1952 487 1953 496 ,

1389 506 1706 558 Ifideliter,
1728 505 1913 552 dilectis-
1952 509 1953 522 ¹

1371 575 1393 587 “
1428 576 1429 579 ’
1473 564 1599 619 simi',
1660 575 1811 623 atque
1855 578 1914 609 sa·

1214 638 1384 724 &1³³⁴
1418 672 1431 719 i
1470 624 1913 741 ἓὲῖῗξὲῗῖἷΐῶῗέἐῗ

1207 756 1315 788 mus
1335 744 1603 796 exerdium,
1631 744 1913 789 inveniemus

1206 802 1451 848 heminem
1464 804 1578 848 ideo
1592 805 1661 848 ad
1674 804 1909 861 imaginem

1209 862 1300 908 Dei
1323 863 1592 914 cenditum.
1630 871 1691 908 ut
1727 862 1912 908 imitator

1208 922 1280 966 sui
1302 930 1426 968 esset
1448 921 1671 968 audieris
1692 936 1704 967 :
1730 931 1780 967 et
1811 922 1910 966 hanc

1207 994 1311 1025 esse
1333 980 1603 1027 naturalem
1621 982 1783 1027 nostri
1797 981 1910 1039 gene-

1207 1040 1272 1085 ris
1293 1041 1598 1097 dignitatem,
1635 1042 1684 1086 si
1715 1042 1770 1085 in
1799 1039 1909 1085 nobis

1208 1100 1346 1157 quasi
1377 1101 1429 1145 in
1460 1102 1688 1158 quodam
1722 1100 1905 1158 speculo,

1209 1159 1399 1205 divinae
1430 1160 1757 1218 benignitatis
1784 1160 1909 1204 forma

1210 1220 1527 1276 resplendeat.
1565 1220 1646 1263 Ad
1656 1233 1809 1277 quam
1818 1231 1910 1276 quo-

1210 1278 1328 1323 tidie
1378 1292 1468 1324 nos
1517 1277 1697 1336 utique
1749 1278 1907 1336 reparat

1210 1336 1654 1395 gretiaSalvateris,
1670 1340 1793 1383 dum
1802 1335 1907 1395 quod

1212 1397 1382 1442 cecidit
1403 1398 1455 1442 in
1471 1397 1635 1442 Adam
1651 1399 1825 1455 primo,
1843 1395 1911 1439 eri-

1211 1456 1338 1514 gitur
1376 1457 1427 1501 in
1469 1455 1709 1502 secundo.
1778 1456 1909 1501 Caum

1211 1523 1375 1560 autem
1396 1514 1723 1573 reparatienis
1745 1523 1909 1561 nostiae

1212 1587 1312 1619 non
1342 1582 1432 1628 est,
1465 1575 1559 1619 nisi
1603 1573 1906 1620 misericordia

1218 1635 1309 1679 Dei
1319 1647 1479 1692 ;quem
1495 1647 1598 1678 non
1606 1634 1904 1692 diligeremus,

1212 1693 1301 1740 nisi
1340 1694 1473 1752 prius
1503 1707 1600 1740 nos
1629 1694 1740 1752 ipse
1768 1692 1908 1748 dilige·

1211 1761 1297 1806 ret,
1323 1761 1371 1798 et
1392 1753 1620 1800 tenebras
1635 1753 1906 1812 ignorantiae

1213 1820 1418 1864 nostrae,
1446 1826 1566 1858 suae
1588 1813 1805 1858 veritatis
1822 1811 1905 1854 luoe

1213 1870 1486 1917 discuteret.

1265 1938 1341 2001 gy,
1375 1931 1420 1976 A
1460 1932 1645 1977 dextris
1697 1939 1769 1978 est
1814 1926 1903 1974 mihi

1214 1989 1467 2043 Deminus,
1496 2004 1560 2036 ne
1576 1991 1899 2036 commerear-¹

1217 2050 1415 2107 Propter
1445 2051 1543 2095 hoc
1576 2051 1823 2096 dilatatum
1849 2053 1903 2091 est

1216 2123 1300 2154 cor
1320 2123 1499 2162 meum,
1526 2117 1576 2155 et
1599 2109 1821 2155 exultevit
1837 2107 1905 2150 lin·

1361 2182 1485 2214 mea.
1566 2177 1631 2235 γ,
1691 2167 1904 2213 Βόηιίιιαε

1213 2242 1324 2286 pars
1355 2227 1668 2274 haereditatis
1700 2239 1839 2277 meae,
1867 2232 1902 2266 et

1213 2287 1372 2333 calicis
1393 2288 1791 2345 mei.—Pr0pter.

1454 2373 1630 2422 Lectio
1654 2390 1692 2420 v.

1367 2433 1712 2480 ILIGENDO
1769 2434 1902 2487 itaque

1395 2506 1485 2538 nos
1503 2493 1656 2546 Deus,
1682 2494 1748 2538 ad
1768 2489 1904 2546 imagi-

1214 2565 1325 2596 nem
1353 2564 1491 2597 snam
1517 2566 1612 2598 nos
1642 2552 1822 2610 reparat
1840 2562 1851 2592 t
1868 2555 1904 2591 et

1215 2618 1268 2656 ut
1303 2611 1352 2655 in
1383 2611 1527 2656 nobis
1568 2611 1776 2656 formam
1812 2619 1903 2653 suae

1215 2670 1445 2716 bonitatis
1475 2669 1700 2721 inveniat,
1731 2671 1809 2714 dat
1837 2678 1904 2710 un·

1216 2731 1277 2775 de
1300 2730 1389 2787 ipsi
1411 2743 1622 2787 quoque,
1651 2730 1784 2788 quod
1812 2737 1905 2782 ope·

1215 2789 1357 2840 ratur,
1376 2788 1645 2846 operemur.
1664 2786 1905 2834 accendens

1215 2848 1393 2894 scilicet
1405 2848 1642 2893 mentium
1660 2844 1902 2892 nostrerum

1215 2906 1444 2959 lucernas,
1472 2913 1521 2953 et
1551 2907 1665 2964 igne
1694 2918 1782 2963 nos
1809 2912 1903 2956 stne,
