2050 3392
355 281 453 334 312
467 261 767 316 Dominica
796 256 1204 313 decimaot't'ava
1225 258 1352 325 post
1374 254 1673 307 Pentecost.

402 393 482 437 Ad
520 392 693 437 Bened.
733 391 856 435 Asia.
905 393 1065 451 Mags„

356 468 464 514 ster,
480 452 508 477 ³*
532 460 665 518 quod
686 464 757 503 est
778 454 1062 501 mandatum

358 533 588 578 magnum
629 520 676 563 in
718 518 854 575 lege?
884 516 965 560 Ait
998 514 1062 559 illi

351 579 495 640 Jesus
523 594 533 625 :
578 579 759 636 Diliges
801 576 1063 621 Deminum

362 640 517 684 Deum
547 647 681 683 tuum
704 652 762 684 ex
789 644 893 683 toto
920 635 1066 681 corde

361 707 458 751 tuo,
486 697 688 745 alleluia.

408 752 485 798 Ad
523 750 722 810 Magnis.
759 750 870 796 Asia
936 754 1066 810 Quid

360 818 497 863 vobis
517 816 701 862 videtur
722 817 782 862 de
803 803 1077 870 Christoffl

360 879 496 935 cujus
528 876 652 921 filius
680 877 785 921 est?
816 876 993 920 Dicunt
1024 874 1066 918 ei

361 950 529 982 omnes
549 950 558 980 ε
576 936 749 981 David.
772 935 900 980 Dicit
914 934 1068 997 eisJe-

362 1010 481 1042 sus:
519 996 780 1052 Quemodo
822 995 979 1039 David
1020 993 1069 1038 in

362 1057 530 1113 spiritu
567 1063 705 1101 vocat
737 1068 848 1100 eum
885 1054 1062 1104 Dfium,

362 1117 524 1160 dicens
540 1130 549 1159 ε
566 1115 696 1160 Dixit
712 1114 949 1160 Deminus
957 1114 1070 1157 Di'io

362 1188 501 1221 meo:
534 1175 658 1219 Sede
678 1188 709 1219 a
729 1174 906 1218 dextris
925 1172 1072 1217 meis?

419 1316 765 1365 DOMINICA
798 1316 930 1361 XVI
946 1316 964 1359 1
979 1316 1017 1362 Ι.

471 1378 580 1430 post
606 1371 934 1417 Pentecosten.

607 1448 789 1494 Orati0.

516 1529 753 1575 IRIGAT
791 1530 941 1575 corda
986 1542 1073 1574 no-

543 1598 654 1641 stra,
671 1603 959 1647 quaesumus
972 1588 1073 1634 De-

364 1649 504 1703 mine,
575 1657 686 1694 tuae
758 1649 1072 1694 miserationis

364 1711 579 1769 operatio
602 1725 612 1755 :
636 1711 750 1769 quia
776 1711 861 1756 tibi
894 1710 995 1754 sine
1027 1718 1073 1755 te

364 1772 549 1829 placere
572 1784 668 1815 non
689 1770 959 1828 possumus.
985 1769 1073 1814 Per

367 1830 643 1876 Deminum.

367 1913 534 1958 Leetio
556 1913 707 1958 saneti
731 1913 975 1971 Evangelii
1002 1927 1074 1958 se-

439 1973 652 2018 cundum
675 1972 994 2019 Matthaeum.

418 2043 584 2093 Leetio
601 2045 679 2092 vii.
810 2049 923 2107 Cap.
950 2050 1010 2095 ix.

471 2125 519 2171 N
536 2126 615 2171 illo
636 2125 850 2184 tempore
872 2126 1075 2170 :Ascen-

500 2186 783 2289 densslesus
805 2187 854 2230 in
885 2185 1076 2230 navicu-

366 2246 475 2297 lam.
504 2255 633 2291 trans
654 2245 833 2298 redivit,
866 2251 912 2289 et
949 2246 1074 2289 venit

368 2307 416 2350 in
437 2305 673 2350 civitatem
702 2319 853 2351 suam.
921 2304 985 2349 Et
1006 2304 1076 2349 re-

366 2367 510 2423 liqua.
1031 2369 1033 2371 ’

370 2423 587 2471 Homilia
606 2424 757 2470 saneti
777 2424 900 2469 Petri
924 2422 1076 2482 Chry-

636 2484 803 2541 sologi.

590 2544 814 2588 Sermone
834 2543 859 2587 Ι.

398 2608 557 2656 ‚³1⁴⁴
586 2601 998 2648 HRISTUM
1029 2601 1077 2646 in

467 2652 594 2724 ‘'³'‘oe
635 2662 855 2708 humenis
889 2661 1076 2706 eetibus

387 2719 409 2783 ζ
456 2725 596 2807 {2
634 2722 797 2767 divina
872 2721 1076 2779 gessisse

419 2793 448 2806 *‘
636 2782 871 2839 mysteria,
929 2788 977 2825 et
1028 2780 1075 2824 in

1128 389 1293 437 dierna
1312 386 1607 433 monstravit.
1659 385 1847 432 Ascen-

1129 452 1210 502 dit,
1253 449 1419 505 inquit‚
1460 448 1508 491 in
1548 446 1841 497 naviculam.

1129 518 1175 555 et
1197 506 1526 559 transfretevit,
1553 513 1602 550 et
1640 507 1775 551 venit
1799 507 1846 550 in

1129 568 1368 616 civitatem
1438 579 1590 611 suam.
1661 565 1849 610 Nonne

1130 633 1231 689 ipse
1266 636 1351 682 est,
1381 628 1461 685 qui
1485 625 1663 683 fugetis
1689 624 1851 670 flueti-

1130 693 1232 743 bus,
1260 689 1404 734 maris
1425 685 1667 746 profunda
1693 685 1852 730 nuda-

1131 752 1208 802 vit,
1236 758 1290 795 ut
1314 747 1603 793 Israeliticus
1632 746 1850 803 populus

1131 811 1252 855 inter
1273 808 1517 866 stupentes
1537 807 1699 851 undas
1719 806 1850 850 sicco

1130 868 1333 926 vestigio
1342 869 1468 913 velut
1482 866 1724 912 mentium
1732 865 1850 911 cen·

1129 942 1251 974 cava
1290 926 1625 986 pertransiret?
1667 925 1850 970 Nonne

1133 990 1210 1034 hic
1240 994 1326 1040 est,
1364 987 1447 1045 qui
1480 986 1605 1031 Petri
1639 985 1851 1043 pedibus

1133 1048 1344 1094 marinos
1363 1047 1563 1092 vortices
1583 1045 1844 1096 inclinevit.

1133 1117 1187 1155 ut
1222 1110 1310 1155 iter
1345 1106 1580 1164 liquidum
1622 1104 1851 1149 humenis

1133 1168 1374 1227 gressibus
1405 1166 1615 1211 solidum
1648 1163 1851 1223 praebe·

1134 1236 1205 1274 ret
1226 1225 1542 1284 obsequium?

1333 1291 1499 1342 Lecstio
1519 1293 1611 1339 viii.

1128 1365 1330 1490 ΗΖΤ
1344 1375 1458 1433 quid
1480 1381 1565 1426 est,
1588 1375 1725 1431 quod
1746 1372 1849 1431 ipse

1314 1436 1403 1481 sibi
1425 1434 1493 1480 sie
1527 1434 1672 1478 maris
1704 1432 1850 1478 dene-

1135 1503 1219 1553 gat
1256 1493 1540 1545 servitiitem,
1583 1501 1637 1538 ut
1673 1492 1850 1538 brevis·

1137 1556 1244 1600 simi
1285 1556 1415 1600 lacus
1455 1553 1708 1599 trensitum
1757 1554 1850 1597 sub

1138 1615 1356 1660 mercede
1396 1614 1587 1659 neutica
1627 1612 1852 1658 transfre—

1138 1674 1292 1721 teret?
1326 1673 1569 1726 Ascendit,
1605 1672 1774 1731 inquit,
1802 1672 1852 1717 in

1139 1735 1418 1786 naviculam,
1441 1742 1488 1779 et
1510 1733 1847 1778 transfretevit.

1139 1796 1200 1840 Et
1252 1795 1369 1853 quid
1420 1795 1607 1845 mirum,
1650 1792 1855 1837 fratres?

1139 1855 1358 1901 Christus
1378 1855 1505 1899 venit
1527 1851 1770 1910 suscipere
1785 1852 1854 1896 in·

1139 1914 1384 1960 firmitates
1421 1921 1618 1963 nostras,
1653 1919 1702 1956 et
1739 1925 1855 1957 suas

1140 1976 1279 2021 nobis
1328 1973 1543 2019 conferre
1591 1970 1795 2018 virtutes
1841 1986 1852 2017 :

1139 2035 1352 2080 humana
1418 2046 1657 2090 quaerere,
1716 2045 1855 2089 prae·

1139 2095 1263 2140 staire
1299 2092 1493 2138 divina:
1531 2091 1751 2150 accipere
1785 2091 1855 2135 in·

1135 2153 1294 2212 jurias,
1323 2152 1522 2197 reddere
1557 2151 1852 2208 dignitates:

1140 2214 1257 2258 serre
1299 2213 1469 2262 taedia,
1513 2211 1686 2255 referre
1729 2210 1855 2255 sani·

1141 2273 1299 2318 tetes:
1340 2272 1455 2330 quia
1494 2269 1723 2321 medicus,
1772 2268 1854 2328 qui

1140 2346 1236 2376 non
1253 2332 1341 2376 fert
1354 2329 1665 2381 infirmitates.
1689 2329 1857 2374 curere

1140 2392 1312 2444 nescit;
1354 2399 1402 2436 et
1442 2389 1524 2447 qui
1567 2402 1667 2433 non
1716 2387 1856 2433 suerit

1140 2465 1248 2496 cum
1273 2450 1463 2495 infirmo
1480 2447 1761 2499 infirmetuS,
1786 2448 1858 2492 in·

1141 2509 1280 2556 firmo
1316 2523 1414 2554 non
1448 2514 1609 2567 potest
1638 2506 1858 2567 conferre

1141 2570 1410 2617 sanitatem.

1361 2639 1529 2688 Lecstio
1549 2638 1611 2683 ix.

1292 2714 1592 2763 HRISTUS
1633 2728 1767 2772 ergo,
1816 2713 1857 2760 si

1320 2778 1368 2822 in
1384 2776 1480 2821 suis
1497 2774 1751 2819 mansisset
1767 2774 1859 2819 vir-

373 2836 515 2880 rebus
535 2838 796 2885 visibilibus
825 2839 1078 2884 invisibilia
1142 2834 1335 2890 tutibus,
1362 2832 1619 2880 commune
1638 2846 1754 2878 cum
1770 2833 1860 2878 ho-

372 2895 634 2942 exercuisse
642 2900 844 2958 negotia,
851 2898 992 2946 leetio
999 2899 1078 2944 ho-
1143 2896 1355 2944 miuibus
1374 2895 1441 2941 nil
1460 2892 1657 2940 haberet
1672 2907 1685 2940 ε
1701 2900 1751 2940 et
1765 2893 1860 2939 nisi
