2050 3392
334 259 449 311 Die
472 273 543 326 25
561 259 729 326 Nov„
747 260 807 312 S.
832 261 879 314 C
876 259 1193 331 atharinae,
1219 263 1369 334 Virg.
1390 264 1570 319 Mart.
1604 279 1696 334 571

218 392 373 443 Deus,
422 400 468 437 et
512 391 628 438 dixit
669 393 733 437 ad
774 407 885 439 eum
922 408 932 437 t

219 451 484 508 Ingredere
516 452 563 495 in
594 451 803 509 requiem
834 467 932 498 me-

214 524 299 554 am
330 525 340 555 :
369 506 396 528 ‘¹‘
416 510 543 565 Quia
565 518 611 556 te
640 512 734 556 vidi
750 512 933 569 justum

213 583 386 614 coram
406 582 482 614 me
502 583 561 615 ex
580 570 803 616 omnibus
818 572 933 628 gon-

216 630 362 674 tibus.
469 623 527 666 Y'-
587 629 682 675 Iste
729 639 799 675 est
851 632 930 688 qui

215 686 511 744 contempsit
525 688 672 733 vitam
685 690 864 741 mundi,
884 698 932 734 et

216 747 437 804 pervenit
480 748 544 791 ad
590 748 812 793 coelestia
861 762 931 793 re-

215 805 528 862 gna.—Quia
549 814 609 852 te.
658 801 819 853 Gloria
842 807 931 853 Pa-

219 865 292 910 tri.
362 864 493 920 Quia
512 873 573 910 te.

287 918 340 961 In
369 918 508 962 tertio
534 917 798 968 Nooturno.
831 920 933 964 Ho-

223 977 355 1021 milia
377 978 425 1020 S.
453 977 668 1034 Gregorii
703 979 861 1036 Papae
886 980 934 1023 in

225 1036 539 1093 Evangelium
552 1050 560 1079 :
574 1041 677 1087 Sint
692 1043 853 1095 lumbi,
871 1040 934 1083 de

224 1096 486 1139 Communi
510 1096 808 1141 Confessoris
837 1111 935 1142 non

228 1154 484 1198 Pontificis.
508 1160 610 1205 xcii,

239 1238 333 1284 Pro
356 1238 402 1283 S.
432 1238 749 1296 Chrysogono
773 1240 913 1285 Mart.

460 1314 624 1363 Lectio
645 1316 703 1361 ix.

311 1432 373 1495 ες
400 1410 431 1484 ³²
440 1419 442 1504 ἰ
462 1396 822 1503 Ηὲὲᾅῗὲἓῃῗη
830 1398 929 1502 ἓῖἒῑ

238 1565 249 1578 .
297 1494 432 1603 ΕΞ
490 1516 720 1572 peratore,
746 1517 929 1563 Romae

281 1595 293 1615 ι
354 1612 357 1613 ⁷
418 1612 421 1613 γ
491 1575 758 1621 inclususin
774 1577 929 1621 corce-

220 1647 285 1684 re,
333 1634 397 1677 ibi
447 1633 689 1679 biennium
736 1635 930 1681 sanotae

219 1692 508 1738 Anastosiae
537 1692 837 1741 facultatibus
865 1696 929 1740 vi-

221 1752 288 1797 xit
314 1766 326 1797 ε
355 1765 502 1809 quam
532 1753 673 1798 otiam
702 1754 928 1800 affliotam

219 1821 418 1869 propter
431 1811 672 1857 Christum
685 1827 716 1858 a
727 1815 827 1859 viro
840 1828 928 1859 suo

222 1870 410 1922 Publio,
430 1872 773 1930 proptereAque
789 1887 819 1917 a
831 1874 928 1918 suis

219 1929 518 1975 orationibus
539 1944 624 1987 per
648 1932 825 1977 litteras
845 1946 928 1977 au-

218 1990 388 2034 xssium
403 1990 738 2046 postulontem,
752 1991 928 2037 motuis

218 2049 811 2106 epistolisestconsolotus.
832 2051 926 2096 Sed

218 2120 333 2153 cum
405 2108 662 2165 imperator
723 2109 926 2154 Romam

219 2167 500 2223 scripsisset,
516 2177 581 2219 ut,
595 2167 785 2225 reliquis
795 2169 927 2214 Chri-

218 2226 403 2278 stioniS,
440 2226 521 2283 qui
554 2228 600 2271 in
632 2228 827 2273 vinculis
857 2242 928 2273 es-

218 2293 342 2336 sent,
398 2285 667 2338 interiectis,
724 2286 928 2345 Chryso-

218 2356 379 2402 gonus
429 2344 695 2403 Aquilojam
755 2347 818 2391 ad
877 2360 928 2392 se

219 2402 498 2454 mitteretur,
560 2417 619 2448 eo
672 2405 927 2462 perduoms

219 2472 309 2508 est.
347 2462 437 2507 Cui
460 2463 740 2520 imperator:
757 2465 926 2509 Accer-

219 2521 323 2572 sivi,
342 2522 507 2579 inquit.
523 2531 582 2573 te,
597 2522 920 2581 Chrysogone,

218 2588 272 2626 ut
317 2580 578 2626 honoribus
626 2580 841 2640 Augeam,
888 2585 925 2627 si

219 2640 370 2685 modo
422 2639 657 2685 induxeris
715 2641 925 2686 Animum

218 2698 339 2744 deos
370 2697 537 2744 colere.
602 2700 666 2744 At
686 2700 761 2745 ille
787 2715 797 2745 z
821 2701 927 2758 Ego

217 2770 346 2809 eum,
391 2757 476 2814 qui
521 2771 628 2803 vere
664 2767 735 2803 est
776 2759 922 2812 Deus,

218 2823 382 2862 mente
401 2824 449 2862 et
469 2816 683 2863 oratione
701 2818 897 2863 veneror
915 2832 926 2871 ;

219 2875 340 2921 deos
376 2883 552 2927 autem,
579 2877 660 2933 qui
681 2876 796 2922 nihil
816 2885 926 2922 sunt

999 395 1088 440 nisi
1113 396 1400 442 daemonum
1431 399 1696 452 simulacra,

997 456 1135 500 odiet
1149 456 1352 502 execror.
1385 457 1497 513 Quo
1509 459 1702 516 respon-

997 527 1054 558 so
1065 515 1411 561 excandescens
1426 518 1695 575 imperator,

996 574 1061 618 ad
1100 574 1267 631 Aquas
1306 575 1545 622 Gradatas
1589 591 1700 622 eum

998 630 1146 676 securi
1168 634 1345 691 percuti
1359 636 1508 692 jubet,
1527 636 1701 682 οόὶάνο

1001 691 1246 738 Kalendas
1278 694 1553 740 Decombris
1580 709 1590 740 ε
1620 710 1702 740 cu-

990 750 1071 806 Jus
1120 764 1292 808 corpus
1341 754 1604 811 projectum
1651 755 1700 799 in

996 822 1139 860 mare,
1169 810 1315 867 paulo
1344 821 1452 869 post
1474 813 1522 857 in
1544 813 1702 859 littore

994 868 1251 921 inventum,
1278 870 1434 916 Zoilus
1453 871 1701 930 Pre'sbyter

994 928 1043 971 in
1065 927 1162 971 suis
1183 928 1380 974 aedibus
1402 932 1626 988 sepelivit.

1053 986 1124 1030 Te
1146 986 1305 1046 Deum
1326 988 1587 1035 laudamus.
1618 1005 1685 1048 17.

1060 1038 1116 1081 In
1138 1036 1384 1082 Laud1bus
1402 1050 1491 1096 pro
1512 1038 1699 1087 Comm.

999 1096 1047 1143 S.
1087 1098 1401 1158 Chrysogoni,
1442 1100 1563 1145 Asia.
1601 1108 1697 1164 Qui

993 1163 1096 1208 odit
1117 1162 1325 1209 animam
1360 1178 1496 1210 suam
1526 1167 1575 1211 in
1605 1167 1699 1212 hoc

994 1224 1188 1274 mundo,
1215 1224 1263 1268 in
1293 1225 1437 1270 vitam
1457 1225 1698 1272 aetornam

993 1281 1199 1328 custodit
1218 1297 1339 1328 eam.

1058 1333 1120 1392 5*-
1162 1350 1297 1388 ustus
1313 1350 1363 1388 ut
1384 1343 1544 1401 palma
1562 1344 1699 1390 floro-

993 1399 1076 1445 bit.
1148 1402 1181 1437 ⁷-
1195 1401 1324 1447 Sicut
1341 1403 1508 1448 cedrus
1526 1403 1697 1448 Libani

995 1459 1392 1521 multiplicabitur.

1059 1512 1449 1574 &ano-Adesto,
1471 1520 1692 1574 Domine,

1001 1579 1051 1615 ut
1075 1585 1231 1627 supra.
1251 1580 1352 1636 568,

1060 1630 1297 1686 Vesperae
1328 1644 1357 1673 a
1387 1630 1612 1687 Capitulo
1644 1632 1706 1676 de

999 1690 1227 1744 sequenti.
1258 1690 1442 1736 Comm.
1473 1693 1685 1746 praeced.

996 1855 1116 1900 DIE
1155 1855 1307 1901 XXV.
1346 1856 1693 1905 NOVEMBR.

1064 1923 1118 1968 In
1140 1924 1260 1968 festo
1282 1926 1329 1968 S.
1358 1925 1657 1974 Catharinae,

1013 1983 1141 2040 Yirg.
1164 1994 1209 2028 et
1234 1984 1431 2041 Martyr.
1500 1985 1702 2041 Duplex.

1059 2059 1235 2103 Omnia
1256 2060 1314 2104 de
1333 2061 1587 2104 Communi
1607 2061 1708 2104 Vir-

999 2118 1121 2174 ginis
1141 2127 1187 2163 et
1214 2119 1545 2176 Martyrisciji,
1575 2134 1708 2178 prae·

1001 2188 1073 2222 tet·
1092 2192 1150 2224 ea
1170 2191 1291 2238 quae
1314 2187 1589 2238 sequuntur.

1264 2263 1445 2309 Oratio.

1194 2346 1291 2399 US,
1322 2346 1403 2404 qui
1429 2347 1601 2392 dedisti
1633 2347 1698 2392 le·-

1174 2418 1284 2462 gem
1307 2405 1466 2463 Moysi
1492 2406 1540 2450 in
1569 2418 1698 2451 sum-

992 2461 1157 2508 mittite
1186 2464 1360 2509 montis
1389 2464 1536 2515 Sinai,
1569 2472 1617 2509 et
1645 2466 1696 2509 in

992 2521 1163 2567 eodem
1175 2523 1282 2568 loco
1297 2536 1381 2581 per
1393 2522 1585 2568 sancitos
1596 2524 1697 2567 An-

991 2581 1124 2637 gelos
1168 2590 1276 2626 tuos
1315 2594 1488 2638 corpus
1527 2581 1696 2627 beatae

993 2640 1492 2696 Catharinaevlrginis
1503 2648 1550 2685 et
1568 2641 1697 2685 Mar-

994 2700 1110 2756 tyris
1129 2709 1238 2744 tuae
1260 2699 1532 2744 mirabiliter
1551 2700 1696 2744 collo·

993 2758 1148 2804 costi:
1165 2766 1357 2815 'praesta
1375 2770 1664 2815 quaesumus
1681 2773 1694 2812 ;

992 2817 1168 2875 uteJ'us
1196 2817 1372 2862 moritis
1399 2825 1446 2862 et
1476 2817 1696 2863 interces-

992 2876 1140 2930 sione,
1195 2877 1257 2921 ad
1322 2884 1550 2928 montem,
1614 2877 1698 2936 qui
