2050 3392
353 231 407 283 ii.
700 229 1001 282 Commune
1036 227 1090 278 A
1085 214 1449 296 postolol‘um.

354 365 470 397 suae
517 350 773 402 sententiis,
800 358 848 395 et
879 326 1060 394 amicos

352 413 487 469 jubet
530 411 661 467 diligi
702 410 750 454 in
791 423 854 461 se,
902 416 949 452 et
990 409 1060 452 in-

1301 384 1660 432 COMMUNE

356 470 522 515 imicos
538 477 733 528 propter
744 482 805 513 se.
830 468 915 512 Ille
930 469 1058 512 enirn
1127 477 1516 514 APOSTOLORUM
1557 477 1626 511 ET
1663 476 1832 512 EvAN-

356 530 580 574 veraciter
600 527 876 573 charitatem
893 528 1053 579 habet,

356 589 435 645 qui
478 596 525 633 et
564 587 770 632 amicum
813 587 966 643 diligit
1008 586 1057 630 in

357 648 475 699 Deo,
531 653 579 690 et
620 645 862 690 inimicum
904 645 1058 702 diligit

355 713 549 763 propter
581 705 749 749 Deum.
779 705 909 750 Nam
947 713 1059 750 sunt

354 763 581 816 nonm'illi,
609 765 691 820 qui
724 763 927 822 diligunt
949 763 1059 821 pro-

352 824 518 876 ximos,
575 825 659 868 sed
706 837 793 880 per
830 823 1057 868 affectum

352 881 655 940 cognationis
676 892 725 928 et
746 884 900 928 carnis
920 897 930 928 :
955 883 1058 940 qui-

352 943 441 987 bus
508 951 669 987 tamen
711 943 759 986 in
807 943 897 988 hac
943 942 1058 986 dile-

351 1001 523 1055 (stione,
586 1015 721 1047 sacra
751 1002 940 1059 eloquia
960 1015 1059 1046 non
1133 1017 1135 1039 v
1165 1018 1183 1022 ··

351 1061 683 1107 contradicunt
721 1076 731 1106 t
782 1063 867 1106 sed
927 1059 1058 1106 Aliud

352 1128 424 1164 est
469 1121 602 1177 quod
653 1128 826 1177 sponte
873 1119 1057 1177 impen-

352 1180 480 1224 ditur
509 1178 721 1231 nattirae,
757 1179 889 1224 aliud
925 1180 1058 1236 quod

350 1238 615 1295 praeceptis
674 1238 937 1283 Dominicis
997 1252 1057 1282 ex

351 1297 580 1342 charitate
638 1297 838 1343 debetur
893 1298 1058 1342 obedi-

349 1355 517 1402 entiae.

491 1535 513 1579 1
565 1534 784 1580 nimirum
845 1542 892 1580 et
948 1534 1058 1592 pro·

520 1595 699 1640 ximum
742 1593 960 1652 diligunt,
1007 1603 1055 1639 et

355 1661 515 1700 tamen
550 1655 630 1700 illa
669 1653 891 1700 sublimia.
940 1653 1055 1699 dile-

352 1714 524 1760 ‹stidnis
555 1715 767 1772 praemia
802 1728 900 1759 non
930 1727 1056 1758 asse-

352 1772 563 1829 qut'mtur
618 1788 628 1818 :
681 1774 793 1830 quia
842 1772 1055 1819 amorem

346 1842 492 1877 suum
533 1846 630 1877 non
651 1832 932 1888 spiritaliter,
969 1833 1055 1877 sed

346 1891 599 1936 'carnaliter
619 1890 912 1947 impendunt.
944 1891 1056 1936 Pro-

352 1949 461 1993 inde
478 1963 586 1994 cum
605 1950 839 1994 Dominus
859 1950 1054 1995 diceret:

353 2008 463 2052 Hoc
471 2007 856 2065 estpraeceptum
874 2022 1049 2062 meum,

348 2075 403 2111 ut
440 2067 645 2124 diligetis
675 2068 876 2112 invicem
904 2082 915 2113 ε
946 2069 1056 2125 pro-

352 2127 478 2171 tinus
498 2126 685 2172 addidit
714 2141 723 2172 :
756 2128 890 2173 Sicut
911 2128 1052 2173 dilexi

350 2200 433 2231 vos
453 2199 463 2239 ;
486 2200 543 2231 ac
559 2186 596 2231 si
612 2186 777 2243 aperte
793 2188 920 2232 dicat
942 2202 952 2233 :
975 2189 1054 2232 Ad

352 2246 444 2290 hoc
464 2246 635 2299 amate,
663 2248 727 2291 ad
742 2248 874 2304 quod
895 2246 1052 2291 amevi

350 2319 446 2351 vos.
478 2306 587 2361 Qua
604 2306 651 2350 in
668 2319 730 2357 re,
758 2307 922 2351 fratres
943 2306 1055 2351 cha-

350 2366 531 2418 rissimi,
552 2365 745 2410 solerter
771 2365 1053 2410 intuendum

340 2433 437 2477 ‘est,
466 2426 597 2481 quod
627 2424 851 2482 antiquus
882 2425 1046 2478 hostis,

353 2486 468 2529 dum
502 2492 709 2528 mentem
747 2492 957 2529 nostram
988 2486 1052 2529 ad

349 2557 503 2587 rerum
557 2543 886 2600 temporalium
939 2544 1055 2588 dile-

348 2603 556 2648 ctionem
616 2603 771 2654 trahit,
829 2602 1054 2647 infirmio-

346 2676 445 2705 rem
478 2670 644 2706 contra
668 2675 755 2705 nos
784 2661 1052 2717 proximum

346 2720 533 2771 excitat,
568 2720 648 2777 qui
681 2734 739 2764 ea
774 2721 891 2777 ipsa,
929 2734 1054 2779 quae

347 2778 611 2833 diligimus,
652 2779 836 2825 auferre
886 2780 1053 2825 molid-

344 2843 432 2880 tur.

1294 537 1658 573 GELISTARUM.

1275 629 1353 664 AD
1393 629 1674 665 VESPERAS.

1189 709 1311 755 Αῆει.
1320 704 1510 750 Hocest
1524 703 1830 762 praeceptum

1126 778 1302 818 meum,
1343 770 1370 796 i*
1397 772 1450 809 ut
1481 764 1690 821 diligatis
1717 764 1834 809 invi-

1126 838 1244 878 cem,
1271 825 1393 869 sicut
1415 823 1556 869 dilexi
1577 837 1674 868 vos.

1322 921 1536 968 Psalmus
1558 921 1645 967 cix.

1143 1048 1145 1052 ,
1183 1036 1195 1047 ,.
1291 1002 1452 1042 ix
1478 1002 1552 1042 [T
1598 999 1830 1046 deinus

1157 1050 1299 1118 ἓξὲξ)
1353 1085 1355 1118 Ι
1396 1062 1604 1104 [lemine
1641 1074 1780 1105 meo:
1803 1059 1830 1082 '¹'

1129 1122 1293 1227 ham
1392 1120 1516 1189 Sede
1570 1135 1598 1163 a
1652 1119 1826 1164 dextris

1155 1201 1191 1215 22
1317 1187 1331 1203 ³
1390 1195 1532 1225 meis:

1185 1241 1353 1281 Donec
1393 1255 1573 1296 ponam
1616 1237 1828 1282 inimicos

1127 1302 1246 1348 tuos,
1295 1295 1323 1319 ⁴*
1361 1297 1621 1342 scabellum
1653 1298 1826 1354 pedum

1127 1355 1330 1400 tuorum.

1183 1415 1379 1472 Virgam
1458 1414 1646 1461 virttitis
1719 1424 1827 1460 tuae

1124 1474 1308 1519 emittet
1327 1475 1564 1520 Dominus
1580 1489 1639 1520 ex
1655 1475 1788 1520 Sion:
1803 1473 1828 1498 *

1125 1533 1372 1579 dominere
1400 1534 1448 1578 in
1482 1534 1645 1579 medio
1679 1534 1828 1579 inimi-

1124 1593 1287 1638 corum
1311 1593 1514 1640 tuorum.

1183 1653 1366 1698 Tecum
1387 1652 1673 1712 principium
1690 1653 1736 1699 in
1755 1653 1826 1699 die

1123 1711 1306 1757 virtdtis
1349 1721 1459 1758 tuae
1491 1714 1538 1757 in
1571 1714 1826 1771 splendori·

1123 1771 1214 1815 bus
1244 1772 1539 1818 sanctorum:
1564 1772 1592 1797 ⁴*
1614 1787 1672 1818 ex
1694 1772 1824 1818 litero

1125 1838 1236 1875 ante
1267 1832 1513 1876 luciferum
1548 1832 1697 1889 genui
1733 1841 1790 1877 te.

1174 1890 1361 1951 Jurdvit
1385 1889 1637 1944 Dominus,
1665 1899 1712 1937 et
1733 1905 1824 1937 non

1123 1950 1386 2005 poenitebit
1428 1964 1538 1995 eum
1568 1965 1578 1995 :
1613 1949 1641 1974 ⁴*
1673 1952 1749 1995 Tu
1778 1964 1825 1995 es

1122 2008 1343 2053 sacerdos
1383 2010 1431 2053 in
1472 2009 1720 2055 aeternum
1760 2024 1826 2055 se-

1123 2066 1335 2113 ct'mdum
1375 2068 1594 2114 ordinem
1635 2068 1825 2115 Melchi-

1122 2128 1308 2172 sedech.

1185 2187 1419 2232 Dominus
1433 2200 1464 2231 a
1479 2189 1662 2235 dextris
1679 2189 1779 2240 tuis,
1799 2186 1824 2211 ⁴*

1122 2246 1354 2304 confregit
1390 2247 1438 2291 in
1475 2248 1554 2292 die
1590 2249 1690 2293 irae
1716 2259 1822 2293 suae

1121 2319 1268 2363 reges.

1175 2364 1418 2427 Judicdbit
1449 2366 1498 2410 in
1535 2367 1820 2418 nationibus

1122 2424 1336 2481 imple'bit
1350 2425 1509 2470 ruinas
1529 2439 1539 2470 :
1556 2424 1584 2449 ⁴*
1597 2439 1827 2483 conquas·

1121 2484 1246 2529 sebit
1267 2484 1426 2541 cepita
1447 2485 1496 2529 in
1520 2492 1646 2529 terra
1658 2484 1826 2529 multo-

1122 2557 1238 2588 rum.

1183 2603 1257 2647 De
1271 2601 1476 2648 torrente
1489 2603 1537 2647 in
1554 2604 1628 2648 via
1645 2599 1824 2647 bibetz*

1122 2662 1374 2719 propterea
1387 2662 1618 2707 exaltabit
1635 2669 1790 2719 caput.

1188 2743 1278 2787 ‚xl-m
1317 2722 1430 2766 Hoc
1442 2729 1514 2766 est
1523 2721 1827 2778 praeceptum

1121 2775 1297 2833 meur'n2
1314 2789 1368 2826 ut
1385 2781 1593 2838 diligatis
1606 2780 1819 2833 invicem.

1117 2840 1244 2885 sicut
1264 2840 1405 2886 dilexi
1427 2854 1524 2887 vos.

1995 81 2002 237 i
