2050 3392
575 264 876 317 Commune
899 263 1314 334 Apostolorum.
1655 259 1723 313 ix.

235 400 326 433 nos
359 384 623 444 Apdstolos
663 384 944 430 novissimos

234 446 460 498 ostendit,
504 452 753 502 tamquam
805 445 944 489 morti

234 504 501 553 destinatos
528 519 538 550 ε
561 505 675 562 quia
700 503 946 562 spec'tzicu-

234 567 336 611 lum
358 564 472 610 faeti
493 577 659 609 sumus
680 564 876 616 mund0,
897 569 946 608 et

234 626 313 670 An
350 625 446 676 elis,
467 631 517 669 et
537 623 819 668 hominibus.

361 718 371 727 .
400 683 576 729 lelite
592 683 763 740 Jugum
786 695 945 727 meum

236 757 380 802 super
409 756 507 795 vos,
545 743 661 787 dicit
693 742 940 793 deinus,

236 812 286 849 et
318 803 485 848 discite
507 816 537 846 a
556 815 647 854 me,
675 801 788 858 quia
818 800 945 846 mitis

237 877 360 916 sum,
396 869 445 907 et
476 859 666 906 humilis
703 861 847 905 corde
876 875 886 905 ε
917 856 946 885 ⁴⁶

229 924 417 985 Jugum
448 921 574 966 enim
610 933 772 965 meum
802 919 947 965 suave

237 989 325 1034 est,
345 989 393 1026 et
415 994 536 1025 onus
556 993 718 1025 meum
739 980 850 1024 leve.
881 974 943 1036 ΧΤ.

240 1042 305 1086 Et
327 1040 572 1085 invenietis
602 1038 813 1097 requiem
844 1038 945 1083 ani-

237 1101 411 1147 mitbus
445 1099 622 1144 vestris.
658 1123 721 1131 —
740 1098 938 1160 Jugum.

246 1160 418 1206 Bened.
445 1157 647 1217 Spiritus
665 1157 832 1205 saneti.

398 1279 405 1285 ·
475 1254 642 1300 Lectio
664 1254 724 1300 iii.

385 1339 468 1387 OS
475 1339 605 1385 stulti
615 1347 809 1397 propter
818 1339 950 1384 Chri-

411 1406 554 1452 stum,
569 1413 652 1444 vos
666 1407 827 1444 autem
844 1413 952 1456 pru-

240 1458 410 1505 dentes
460 1459 510 1503 in
562 1458 753 1504 Christo
799 1473 810 1504 :
863 1472 950 1503 nos

239 1519 432 1570 infirmi,
458 1531 543 1562 vos
571 1526 735 1563 autern
766 1517 910 1563 fortes
937 1532 947 1562 :

240 1592 328 1633 yos
388 1577 583 1629 no'biles,
639 1591 728 1622 nos
787 1585 949 1622 autem

241 1636 488 1694 igndbiles.
552 1637 718 1694 Usque
748 1637 796 1681 in
829 1637 951 1681 hanc

242 1699 413 1742 horam
434 1704 482 1741 et
518 1696 759 1750 esurimus,
787 1704 834 1742 et
854 1695 953 1742 siti-

242 1771 377 1809 mus,
424 1764 472 1801 et
512 1757 628 1801 nudi
669 1770 858 1809 sumus,
905 1764 952 1800 et

242 1816 459 1874 cdlaphis
476 1816 730 1869 caedimur,
750 1822 798 1861 et
810 1815 954 1861 inste-

241 1876 362 1921 biles
392 1888 570 1928 sumus,
600 1883 647 1920 et
678 1874 950 1920 laboremus

242 1934 497 1992 operentes
519 1935 738 1980 menibus
760 1934 948 1979 nostris:

242 1994 587 2047 maledicimur,
628 2002 676 2038 et
718 1994 954 2039 benedici-

241 2067 371 2099 mus:
385 2052 712 2111 persecutidne
727 2053 946 2110 patimur,

241 2121 293 2159 et
315 2113 602 2158 sustinemus
625 2113 953 2170 :blasphema-

244 2186 366 2226 mur,
393 2179 442 2218 et
463 2172 766 2218 obsecramus
789 2186 798 2217 :
833 2180 954 2216 tarn-

245 2245 394 2289 quam
444 2232 762 2289 purgamenta
813 2231 953 2289 hujus

244 2291 414 2336 mundi
445 2290 560 2336 facti
590 2304 769 2343 sumus,
804 2290 955 2336 bmni-

244 2364 330 2395 um
372 2350 639 2408 peripsema
680 2363 832 2406 usque
870 2351 956 2394 ad-

244 2412 354 2456 huc.
414 2408 529 2455 Non
568 2417 622 2455 ut
663 2408 954 2456 confundam

246 2484 346 2523 vos,
372 2469 493 2514 haec
514 2470 680 2521 scrib0,
708 2469 795 2514 sed
827 2476 880 2513 ut
901 2467 955 2512 fi-

245 2530 337 2574 lios
359 2542 491 2574 meos
522 2527 823 2573 charissimos
854 2527 955 2573 md-

246 2602 353 2634 neo.
408 2588 539 2633 Nam
560 2588 599 2632 si
621 2589 787 2633 decem
811 2586 956 2631 millia

247 2647 646 2705 paedagogdrum
673 2645 887 2691 habeatis
908 2646 955 2689 in

249 2706 454 2759 Christ0,
474 2708 559 2752 sed
572 2719 669 2751 non
684 2705 861 2750 multos
874 2718 958 2762 pa-

248 2774 353 2813 tres.
411 2766 541 2811 Nam
564 2766 613 2809 in
635 2765 826 2810 Christo
839 2764 957 2827 Jesu

246 2839 334 2883 per
385 2823 699 2883 Evangelium
740 2836 833 2882 ego
872 2836 957 2869 vos

245 2885 406 2945 genui.

1064 395 1135 453 R?-
1187 387 1318 433 Dum
1354 388 1574 433 steteritis
1609 397 1722 433 ante

1017 463 1153 508 reges
1194 457 1242 493 et
1282 450 1536 506 praesides,
1572 450 1722 495 nolite

1017 509 1228 568 cogitare
1307 509 1567 565 qudmodo,
1638 518 1721 555 aut

1016 571 1134 627 quid
1150 567 1412 626 loquemini
1437 566 1490 613 εἦρ
1517 569 1724 614 Dabitur

1018 630 1144 674 enim
1189 629 1323 673 vobis
1364 629 1411 672 in
1459 629 1540 673 illa
1586 629 1716 680 hora,

1018 690 1137 747 quid
1163 687 1440 745 loquemini.
1489 682 1549 744 57.
1607 689 1720 733 Non

1016 750 1144 794 enirn
1164 762 1249 794 vos
1268 748 1382 792 estis
1404 747 1484 805 qui
1503 748 1722 803 loquimi-

1018 810 1066 852 ni
1087 822 1098 853 :
1122 809 1207 853 sed
1235 807 1439 865 Spiritus
1465 807 1618 850 Patris
1646 821 1719 851 ve-

1018 867 1205 924 stri,qui
1220 866 1427 917 Idouitur
1441 867 1487 909 in
1507 866 1723 910 vobis.—

1021 927 1236 973 Debitur.
1279 926 1459 972 Gloria.
1499 925 1715 972 Dabitur.

1084 1026 1141 1069 In
1163 1022 1371 1067 secundo
1396 1018 1657 1063 Nocturna).

1076 1108 1321 1166 Antiphon
1328 1120 1365 1149 a„
1379 1101 1621 1160 Principes
1637 1115 1723 1158 po-

1016 1163 1239 1223 puldrum
1311 1161 1586 1219 congregati
1612 1168 1720 1206 sunt

1016 1238 1127 1269 cum
1151 1223 1255 1268 Deo
1275 1222 1534 1269 Abraham.

1204 1309 1419 1357 Psalmus
1440 1308 1544 1355 xivi.

1029 1399 1479 1465 ἺῙῙὶ-«ῼΜΝΕΞ
1544 1398 1723 1444 Gentes

1044 1506 1047 1509 s
1315 1460 1496 1506 laudite
1574 1458 1726 1504 meni-

1097 1561 1137 1582 „
1211 1554 1229 1575 K,
1316 1534 1408 1564 us:
1456 1521 1483 1546 ⁴*
1526 1518 1726 1576 jubilate

1046 1580 1077 1603 ’ὃ
1185 1585 1229 1613 ἐ·
1283 1578 1390 1624 Deo
1407 1580 1454 1624 in
1468 1592 1583 1624 voce
1598 1579 1726 1623 exul-

1079 1696 1320 1752 Qubniam
1363 1698 1600 1744 D6minus
1647 1710 1723 1740 ex—

1022 1757 1184 1807 :elsus,
1205 1758 1448 1802 terribilis:
1467 1756 1494 1781 ⁴*
1507 1757 1609 1800 Rex
1625 1769 1724 1799 ma-

1024 1829 1143 1873 gnus
1159 1830 1302 1873 super
1316 1829 1509 1861 omnem
1530 1822 1717 1860 terram.

1079 1876 1289 1933 Subjecit
1306 1876 1510 1933 pdpulos
1527 1874 1684 1919 nobis:
1697 1871 1722 1894 ⁴*

1025 1943 1068 1979 et
1090 1936 1268 1980 Gentes
1294 1937 1385 1981 sub
1413 1935 1616 1993 pedibus
1640 1946 1721 1977 no—

1021 1994 1141 2040 stris.

1081 2054 1237 2112 Elegit
1277 2055 1416 2101 nobis
1461 2052 1724 2100 haereditet-

1022 2122 1117 2159 tem
1149 2127 1320 2159 suam:
1354 2113 1381 2138 ³*
1411 2114 1618 2172 speciem
1641 2114 1724 2177 Ja-

1021 2174 1125 2224 cob,
1155 2187 1300 2230 quam
1323 2175 1497 2219 dilexit.

1079 2233 1308 2278 Ascendit
1345 2234 1478 2278 Deus
1518 2233 1567 2277 in
1604 2231 1727 2289 jubi-

1021 2293 1070 2337 lo
1092 2306 1102 2337 :
1125 2293 1154 2319 ὓ
1184 2301 1232 2338 et
1263 2292 1502 2339 DcSminus
1532 2293 1581 2337 in
1612 2306 1728 2337 voce

1022 2354 1183 2399 tubae.

1086 2412 1275 2457 Psellite
1292 2412 1397 2457 Deo
1414 2419 1591 2461 nostr0,
1607 2409 1732 2467 psel-

1024 2472 1130 2515 lite:
1153 2471 1181 2496 ὓ
1197 2470 1383 2528 psallite
1405 2470 1526 2527 Regi
1546 2477 1724 2520 nostro,

1023 2529 1226 2587 psallite.
1706 2533 1713 2541 '

1086 2588 1328 2643 Qudniarn
1403 2588 1506 2632 Rex
1576 2588 1734 2633 omnis

1027 2656 1180 2693 terrae
1203 2649 1360 2694 Deus:
1390 2648 1418 2673 *
1446 2647 1633 2706 psallite
1659 2662 1732 2693 sa-

1029 2708 1223 2765 pienter.

1092 2767 1326 2826 Regndbit
1395 2767 1529 2813 Deus
1591 2780 1736 2826 super

1030 2828 1210 2875 Gentes
1225 2843 1234 2874 t
1253 2827 1288 2887 ᾖ
1298 2829 1430 2873 Deus
1446 2828 1579 2874 sedet
1594 2842 1734 2886 super

1031 2891 1193 2936 sedem
1217 2890 1431 2937 sanctam
1456 2904 1603 2935 suam.
