2050 3392
359 255 465 323 466
504 258 612 310 Die
638 272 671 327 9
703 259 750 312 Ο
754 260 836 324 ἱ,
859 259 965 310 SS.
996 255 1281 324 Dionysii,
1306 258 1359 308 et
1382 269 1507 316 soc„
1538 252 1614 305 M
1613 252 1702 304 M.

422 389 484 451 V.
507 391 829 437 Laeteminiin
841 390 1064 439 Demino,

361 461 410 497 et
421 436 652 497 exultete
637 450 763 509 justi.
838 449 958 496 ‚Et
970 449 1072 506 glo-

361 511 547 557 riemini
569 523 734 557 omnes
754 523 803 554 re
855 509 868 554 i
889 510 1047 554 corde.

626 594 806 641 Oratio.

518 671 660 723 EUS,
717 670 798 728 qui
844 668 1076 716 hodierna

545 731 622 775 die
661 730 858 776 beatum
894 730 1075 786 Diony-

366 790 488 837 sium
501 789 760 847 Martyrem
779 798 914 835 tuum
931 797 1076 846 atque

369 849 648 896 Pontificem
670 849 838 894 virtute
855 849 1077 894 consten-

365 909 460 955 tiae
481 908 528 953 in
553 909 776 966 passiene
806 907 1075 954 roborasti.
1066 923 1074 930 ·

366 968 543 1026 quique
584 969 647 1013 illi
688 969 753 1013 ad
837 967 1078 1014 raedicen-

367 1028 482 1073 dum
499 1028 720 1085 gentibus
734 1028 783 1086 gl
818 1028 933 1072 riam
947 1036 1077 1073 tuam

374 1086 619 1133 Rusticum
662 1096 709 1132 et
758 1087 1079 1132 Eleutherium

370 1146 551 1192 sociere
572 1147 797 1204 dignatus
818 1161 870 1191 es
892 1161 902 1191 :
926 1146 1080 1191 tribue

371 1206 510 1251 nobis
570 1220 862 1264 quaesumus
913 1205 1079 1251 cerum

371 1264 645 1316 imitatiene,
677 1279 764 1323 pro
797 1264 960 1310 amere
995 1273 1081 1310 tuo

373 1323 601 1382 prespera
631 1325 796 1369 mundi
817 1323 1074 1382 despicere,

372 1391 419 1428 et
453 1384 582 1428 nulla
622 1384 723 1441 ejus
758 1384 957 1428 adversa
988 1383 1082 1429 for-

374 1442 569 1489 midare.
640 1443 728 1489 Per
749 1443 1025 1489 Deminum.

431 1504 681 1550 Lectiones
704 1502 840 1562 primi
870 1501 1077 1548 Noctur-

369 1567 417 1610 ni
441 1567 498 1609 dc
521 1567 762 1623 Scriptura
783 1572 1071 1609 occurrente

435 1652 488 1695 111
512 1651 722 1696 secundo
747 1650 1012 1695 Nocturno⁸

618 1737 781 1781 Lectio
796 1736 849 1781 iv.

516 1817 1086 1879 ”³2³10NYSIUS

473 1877 549 1940 '1³¹‘
588 1882 602 1937 ᾖ
641 1878 954 1929 Atheniensis,
962 1891 1087 1923 unus

409 1978 412 1987 .
452 1939 526 1995 19*
589 1946 601 1983 .“
638 1952 696 1983 ex
783 1937 1088 1995 Areopagitis

547 2003 580 2024 '³²
632 1997 888 2054 judicibus.
909 1997 977 2040 vir
1000 1997 1087 2041 fuit

378 2058 507 2101 omni
540 2056 787 2101 doetrinae
816 2057 987 2114 genere
1020 2057 1089 2100 in·-

379 2114 600 2160 struetus.
667 2115 760 2171 Qui
787 2130 897 2160 cum
927 2116 1087 2161 adhuc

381 2175 429 2219 in
467 2175 757 2220 Gentilitetis
793 2176 949 2221 errere
988 2189 1087 2219 ver

384 2235 581 2287 saretur,
623 2248 683 2280 eo
715 2237 794 2281 die
824 2249 923 2293 quo
953 2235 1088 2280 Chri-

386 2304 488 2341 stus
510 2295 748 2341 Deminus
768 2296 894 2339 cruci
916 2294 1089 2339 affixus

384 2364 468 2406 est,
492 2356 642 2400 solem
664 2363 848 2413 praeter
868 2353 1087 2399 naturam

383 2415 614 2461 defecisse
689 2413 1081 2463 animadvertens,

384 2474 675 2521 exclamasse
720 2473 921 2518 traditur
957 2486 967 2517 :
1004 2480 1088 2516 aut

385 2534 517 2579 Deus
547 2533 744 2578 naturae
773 2531 961 2590 petitur,
998 2540 1084 2577 aut

383 2593 547 2638 mundi
559 2593 779 2638 mechina
793 2592 1083 2638 disselvetur.

382 2652 480 2697 Scd
500 2666 610 2697 curn
635 2652 811 2697 Paulus
828 2650 1090 2709 Apestolus

385 2711 809 2763 veniensAthenas,
824 2719 870 2756 et
887 2710 1090 2755 inAreo·

1137 401 1273 432 mans
1307 385 1550 432 Christum
1583 384 1861 431 Deminum
1928 388 1931 403 ¹

1136 446 1453 496 resurrexisse,
1518 454 1566 490 et
1633 445 1864 491 mertuos

1137 520 1306 553 omnes
1345 506 1394 551 in
1426 505 1574 550 vitam
1615 504 1863 550 redituros

1138 580 1255 618 esse,
1294 579 1405 611 cum
1440 564 1519 611 elii
1555 565 1708 615 multi,
1753 573 1861 609 turn

1138 627 1240 685 ipse
1261 625 1521 685 Dionysius
1542 625 1591 670 in
1608 625 1863 671 Christum

1140 686 1351 732 credidit.

1198 749 1270 807 ΒΖ.
1309 744 1474 792 Saneti
1505 745 1588 794 tui.
1621 743 1855 795 Demine.

1141 805 1355 851 mirebile
1363 804 1605 850 consecuti
1624 812 1739 850 sunt
1748 805 1850 854 iter.

1142 865 1394 910 servientes
1430 864 1701 921 praeceptis
1742 864 1853 913 tuis.

1142 933 1195 970 ut
1246 924 1563 969 invenirentur
1604 923 1759 969 illaesi
1810 923 1862 967 iu

1143 984 1282 1042 aquis
1314 982 1515 1028 validis:
1503 985 1557 1010 ’θ
1589 982 1745 1027 Terra
1774 995 1863 1040 ap-

1143 1043 1299 1102 peruit
1339 1042 1505 1087 Arida:
1547 1050 1595 1087 et
1635 1042 1688 1087 in
1731 1041 1861 1087 Mari

1143 1104 1288 1149 rubro
1296 1101 1853 1174 viasineimpedimento.

1140 1163 1204 1223 Y.
1234 1161 1477 1217 Queniam
1512 1159 1748 1219 percussit
1778 1174 1861 1218 pe-

1145 1230 1280 1273 tram,
1303 1230 1350 1266 et
1365 1220 1602 1265 fluxerunt
1622 1233 1793 1278 aquae.
1812 1229 1860 1265 et

1145 1281 1374 1327 torrentes
1426 1279 1853 1326 inundaverunt.—

1145 1341 1296 1387 Terra
1314 1340 1551 1398 apperuit.

1380 1434 1543 1482 Lectio
1568 1449 1607 1480 v

1147 1512 1410 1629 ITAQ
1427 1517 1472 1561 U
1490 1517 1534 1562 E
1567 1525 1618 1563 et
1649 1516 1858 1577 baptize-

1283 1584 1360 1622 tus
1395 1584 1466 1623 est
1503 1577 1565 1622 ab
1601 1576 1850 1634 Ap6.st010

1146 1644 1193 1682 et
1229 1636 1588 1683 Atheniensium
1619 1637 1857 1683 Ecclesiae

1148 1695 1428 1755 praese&us.
1464 1696 1558 1752 Qui
1572 1711 1685 1743 cum
1695 1698 1857 1755 pestes

1151 1757 1358 1802 Romam
1410 1757 1626 1807 venisset.
1679 1770 1711 1803 a
1756 1757 1856 1803 Cle·

1148 1816 1306 1862 mente
1337 1816 1567 1861 Pontifice
1594 1817 1768 1862 missus
1788 1824 1853 1862 est

1149 1876 1197 1920 in
1268 1876 1474 1921 Gelliam
1552 1875 1854 1933 praedicendi

1151 1935 1396 1992 Evangelii
1413 1947 1570 1981 causa.
1594 1935 1752 1990 Quem
1767 1935 1856 1980 Lu·

1151 1995 1314 2041 tetiam
1364 2007 1517 2051 usque
1569 1994 1853 2040 Parisierum

1152 2054 1378 2100 Rusticus
1395 2053 1656 2111 Presbyter,
1665 2062 1714 2100 et
1724 2054 1853 2098 Eleu-

1152 2114 1329 2160 therius
1352 2112 1597 2159 Dieconus
1621 2112 1852 2171 prosecuti

1151 2182 1260 2219 sunt
1276 2187 1286 2218 :
1301 2174 1382 2218 ubi
1399 2186 1429 2218 a
1444 2172 1707 2218 Pescennio
1729 2185 1854 2230 prae·

1150 2232 1277 2279 seete
1298 2233 1430 2290 quod
1452 2233 1628 2277 multos
1656 2233 1720 2277 ad
1742 2231 1853 2278 chri-

1151 2291 1355 2337 stienam
1377 2291 1653 2349 religienem
1669 2304 1853 2337 conver·

1152 2352 1298 2403 tisset‚
1321 2352 1421 2409 ipse
1436 2364 1548 2396 cum
1564 2351 1706 2397 seciis
1720 2351 1853 2408 virgis

1151 2424 1319 2456 caesus
1369 2419 1440 2455 est
1494 2424 1505 2455 ε
1556 2423 1764 2467 cumque
1809 2411 1851 2454 in

1152 2469 1507 2529 praedicatiene
1578 2469 1851 2515 christienae

1153 2530 1265 2575 fidei
1294 2528 1674 2576 constantissime
1707 2542 1853 2587 perse·

1156 2590 1346 2640 vereret,
1375 2590 1422 2634 in
1444 2588 1723 2634 craticulam
1753 2589 1853 2635 sub-

1148 2648 1279 2706 jecsto
1330 2649 1441 2706 igne
1481 2647 1696 2705 injicitur,
1742 2649 1854 2694 mul-

1154 2708 1309 2766 tisque
1344 2707 1584 2766 praeterea
1616 2707 1854 2777 suppliciis
1900 2733 1903 2746 ι

383 2767 562 2824 pegum
612 2770 799 2820 duetus,
855 2768 1090 2815 ratienem
1155 2781 1251 2813 una
1274 2781 1383 2813 cum
1404 2766 1544 2813 seciis
1563 2766 1807 2813 crucietur.

383 2826 666 2873 reddidisset
693 2829 795 2884 ejus
825 2828 1083 2879 doetrinae,

1216 2834 1287 2879 R«,
1338 2826 1547 2872 Verbera
1588 2826 1851 2872 carnificum

385 2893 529 2935 quam
592 2888 907 2941 praedicebat,
964 2887 1090 2932 affir-
1157 2899 1254 2932 non
1284 2887 1541 2933 timuerunt
1568 2885 1722 2931 saneti
1752 2886 1846 2936 Dei.
