2050 3392
345 268 399 323 ii.
598 266 702 319 Ex
733 266 986 319 Decretis
1023 265 1235 317 Sacrae
1263 263 1310 318 C
1308 266 1589 333 engregat.

1597 356 1730 363 -0——2-
1773 358 1793 362 Α

345 403 485 445 nuarii
515 406 627 450 1682,
656 401 845 455 generali
872 402 1046 444 decreto
1072 400 1352 450 confirmavit,
1372 408 1416 443 et
1442 397 1642 442 extendit
1663 397 1838 451 insuper

346 455 476 496 etiam
494 456 549 495 ad
571 454 759 496 octavas
785 462 829 494 et
858 451 1072 495 Natalitia
1092 453 1359 500 Sanctorum,
1377 453 1434 493 de
1452 460 1681 502 praecepto
1699 449 1743 491 in
1761 449 1837 491 ali-

347 521 433 557 qua
456 505 679 557 Religione
707 505 773 545 vel
802 503 1017 552 Dioecesi,
1049 518 1101 544 ex
1134 503 1300 544 indulto
1327 502 1573 562 Apostolico
1600 501 1833 542 recitanda.

350 558 418 598 Ita
445 567 492 597 ut
520 571 573 598 ne
601 556 775 607 quidem
803 554 928 596 dietis
959 555 1097 595 Festis
1124 555 1191 595 vel
1220 554 1397 596 Oc'tavls
1428 553 1554 593 Festa
1582 553 1638 593 ad
1670 551 1840 594 libitum

348 618 450 649 tunc
468 607 701 648 incidentia
719 605 881 657 possint
900 605 1086 654 recitari,
1107 607 1181 647 sed
1201 605 1339 647 omitti
1359 618 1529 656 prorsus
1548 604 1746 645 debeant.

400 658 596 699 Permisit
616 669 773 705 tamen,
794 666 841 697 ut
861 657 1015 697 festum
1036 657 1287 697 translatum
1306 657 1420 707 quod
1439 655 1545 696 alias
1571 669 1624 695 eo
1642 654 1715 696 die
1734 655 1843 697 cele·

345 711 556 751 brandum
576 709 698 756 foret,
718 708 760 748 in
770 708 900 747 alium
918 707 1035 748 diem
1053 722 1137 748 non
1156 707 1407 758 impeditum
1426 705 1719 747 transferatur:
1740 705 1843 747 item

348 770 394 801 ut
413 762 564 801 eodem
582 759 653 800 die
672 758 809 799 omitti
837 758 970 810 possit
988 758 1174 800 officium
1192 759 1322 799 semel
1342 772 1416 810 per
1434 757 1749 798 hebdomadam
1767 765 1844 799 aut

349 826 535 853 mensem
555 810 820 851 recitandum
839 824 891 850 ex
913 809 1079 851 indulto
1096 808 1358 861 Apostolico,
1378 819 1427 850 ut
1444 808 1506 849 ita
1524 808 1643 850 locus
1661 807 1718 850 sit
1737 809 1847 850 cele-

348 864 512 904 brando
531 861 683 904 Officio
701 862 757 902 ad
778 860 956 902 libitum.

694 970 1009 1033 EJHSDEM
1050 970 1182 1017 PRO
1218 971 1505 1018 SANCTIS

594 1049 649 1084 IN
683 1048 1111 1084 MARTYROLOGIO
1146 1049 1257 1084 NON
1293 1049 1616 1085 DESCRIPTIS.

373 1117 667 1207 OFF¹lCIA
698 1123 950 1182 Sanctorum
977 1121 1144 1164 ratione
1175 1123 1390 1174 Corporis,
1419 1138 1510 1184 seu·
1525 1123 1706 1176 insignis
1737 1125 1855 1168 Reli-

489 1189 616 1234 quiae
644 1175 876 1222 recitanda,
905 1188 958 1214 ex
987 1174 1176 1215 Decreto
1203 1175 1428 1216 Sacrorum
1459 1176 1635 1216 Rituum
1664 1176 1858 1228 Congre-

356 1237 542 1278 gatloms
573 1241 615 1266 11
646 1225 832 1284 Augusti
856 1227 967 1276 1691,
989 1224 1171 1276 intelligi
1191 1225 1347 1267 debere
1366 1227 1420 1267 de
1441 1225 1609 1268 Sanctis
1627 1228 1857 1269 dumtaxat

357 1279 401 1319 in
450 1277 760 1328 Martyrologio
806 1277 1000 1316 Romano
1045 1276 1284 1327 descriptis,
1327 1285 1370 1317 et
1411 1279 1643 1318 dummodo
1688 1288 1858 1320 constet

358 1331 412 1371 de
434 1327 666 1369 identitate
695 1327 756 1369 Co
836 1326 908 1374 ris,
935 1341 1010 1368 seu
1040 1327 1244 1378 reliquiae
1271 1327 1450 1379 insignis
1477 1327 1679 1369 illiusmet
1709 1329 1859 1373 Sancti

357 1380 431 1431 qui
455 1379 663 1430 reperitur
685 1378 725 1419 in
800 1377 1062 1429 artyrologio
1086 1379 1279 1419 Romano
1306 1378 1569 1430 descriptus:
1596 1381 1650 1420 de
1675 1381 1860 1423 caeteris

359 1442 504 1472 autem
552 1429 718 1472 Sanc'tis
764 1429 806 1469 in
852 1429 1071 1480 praedicto
1118 1429 1429 1481 Martyrologio
1478 1444 1561 1471 non
1614 1431 1859 1483 descriptis,

359 1493 433 1523 aut
462 1481 622 1540 quibus
645 1495 671 1520 a
695 1480 866 1540 ‚Sanaa
887 1481 1014 1539 ‘Sede
1052 1494 1134 1521 non
1171 1479 1298 1521 fuerit
1324 1480 1565 1532 specialiter
1590 1495 1860 1533 concessum,

361 1534 513 1576 Offima
541 1541 723 1580 reeltan,
752 1541 796 1571 et
834 1531 992 1572 Mlssas
1029 1531 1233 1573 celebrari
1268 1541 1509 1580 vetuerunt,
1537 1545 1620 1573 non
1658 1533 1862 1575 obstante

359 1586 473 1635 quod
519 1583 705 1634 ipsorum
748 1582 952 1633 Corpora,
981 1582 1047 1622 vel
1085 1581 1273 1632 insignes
1313 1582 1535 1634 Reliquiae
1571 1582 1614 1625 in
1651 1584 1862 1626 Ecclesiis

360 1645 645 1682 asserventur,
704 1633 830 1673 uibus
866 1642 1007 1674 tamen
1044 1633 1100 1673 ab
1128 1633 1367 1675 Ordinariis
1394 1634 1579 1675 locorum
1610 1635 1863 1686 approbatis

361 1686 550 1730 debitam
584 1648 793 1727 Fidelium
819 1683 1135 1726 venerationem
1152 1683 1294 1736 (prout
1314 1685 1519 1727 hactenus
1540 1695 1759 1728 servatum
1778 1687 1865 1739 est)

363 1739 648 1781 exhibendam
675 1751 768 1779 esse
795 1746 1067 1785 censuerunt,
1087 1737 1163 1778 sed
1190 1736 1351 1788 absque
1371 1736 1522 1779 Officio
1541 1746 1584 1778 et
1606 1737 1759 1787 Missa,
1779 1739 1864 1781 sub

364 1790 511 1843 poenis
530 1791 584 1830 de
603 1803 686 1829 non
705 1787 1005 1847 satisfaciendo
1032 1796 1260 1847 praecepto
1287 1787 1491 1829 recitandi
1512 1788 1727 1836 Officium,
1746 1789 1866 1831 aliis-

366 1856 450 1893 que
471 1841 512 1881 in
533 1839 848 1882 Constitutione
869 1840 910 1881 S.
936 1838 1002 1879 Pii
1021 1848 1243 1879 contentis.
1302 1838 1388 1880 Die
1409 1854 1452 1882 11
1472 1839 1659 1891 Augusti
1682 1843 1797 1892 1691,
1818 1851 1864 1883 et

368 1891 669 1935 Sanetissimus
687 1889 940 1948 approbavit
958 1888 1029 1931 die
1059 1904 1106 1941 ¹9
1125 1888 1324 1931 Oestobris
1341 1890 1536 1941 eiusdem
1552 1890 1654 1931 anni
1673 1893 1787 1943 1691.

470 1943 585 1984 Loco
617 1951 628 1990 f
662 1941 811 1992 S1g1111.

941 1991 983 2042 J.
1014 1992 1359 2040 VALLEMANUS,
1386 1994 1433 2035 S.
1465 1993 1522 2034 R.
1556 1994 1602 2035 C.
1633 1995 1753 2036 Secr.

428 2085 749 2133 DECRETA
781 2085 1179 2131 GENERALIA
1214 2086 1417 2133 CIRCA
1451 2086 1807 2136 RUBRICAS.

381 2165 564 2259 CUM
603 2172 827 2231 Sacrorum
862 2170 1043 2230 Ritpum
1072 2171 1405 2231 Congregationi
1440 2172 1624 2214 demisse
1650 2173 1867 2225 supplica-

495 2232 586 2265 tum
606 2223 732 2264 fuent
752 2233 975 2273 sequentia
994 2222 1126 2264 dubla
1145 2223 1362 2263 declarare
1381 2236 1392 2265 t

425 2274 627 2316 Primum.
673 2275 757 2322 An,
786 2287 881 2315 cum
911 2273 1056 2314 multis
1083 2273 1512 2325 Congregationibus,
1547 2274 1864 2326 Religionibus,

372 2326 464 2368 sive
501 2324 717 2374 Ecclesiis,
746 2324 813 2365 vel
849 2324 1109 2366 Nationibus
1138 2338 1384 2366 concessum
1411 2324 1481 2374 sit,
1509 2340 1536 2367 a
1564 2326 1721 2368 Sancta
1751 2327 1867 2370 Sede

372 2376 636 2429 Apostolica,
683 2385 731 2417 ut
775 2375 921 2424 semel,
960 2376 1028 2417 vel
1065 2375 1223 2427 pluries
1268 2375 1312 2416 in
1352 2375 1529 2427 singulis
1566 2377 1864 2428 hebdomadis,

373 2430 441 2470 vel
470 2428 685 2469 mensibus
716 2427 985 2467 celebrentur
1010 2426 1129 2467 varia
1149 2426 1300 2468 Officia
1327 2441 1404 2478 per
1428 2441 1601 2477 annum,
1623 2428 1740 2470 verbi
1768 2444 1868 2481 gra-

373 2480 435 2521 tia
462 2481 516 2520 de
546 2477 821 2521 Sanctissimo
852 2478 1141 2527 Sacramento‚
1170 2478 1238 2519 vel
1266 2479 1321 2519 de
1350 2477 1517 2521 Sanctis
1544 2478 1586 2519 in
1606 2478 1761 2521 diebus
1780 2494 1867 2522 non

373 2529 901 2624 Ἠιὲἓῗξῗὲοἶῗέἓῗῑαὶῗῖἓ
918 2529 1481 2631 (ὲῗὲὲίιῗὲςζῗεῗὲῗέἒέἓὲἕ
1499 2529 1867 2623 ὲὲἳῖιῗὲἒᾶὲῗιωοῶ

1661 2613 1672 2629 ,
1767 2597 1868 2624 ven-

374 2642 459 2679 tus,
482 2632 749 2691 Vigiliarum,
770 2641 811 2671 et
832 2631 1029 2681 Quatuor
1054 2632 1329 2682 Temporum,
1350 2595 1533 2672 etiamgsi
1553 2633 1607 2673 de
1627 2632 1694 2673 his
1712 2634 1869 2677 diebus

374 2683 564 2772 nullabslt
583 2683 695 2773 2§atita
722 2681 919 2733 specialis
937 2681 1095 2723 mentio
1123 2682 1166 2723 in
1193 2681 1408 2733 aliquibus
1427 2682 1674 2726 officiorum
1695 2698 1869 2729 conces-

375 2748 481 2775 sion·
517 2747 565 2773 us

429 2785 684 2842 Secundum.
716 2784 784 2823 An
804 2783 897 2825 dies
916 2783 971 2824 im
1005 2784 1147 2826 editus
1170 2784 1296 2827 Festo
1314 2784 1489 2836 duplici,
1509 2784 1578 2826 vel
1597 2785 1870 2847 semiduplici

300 2855 303 2856 ⁷
374 2849 451 2886 pro
470 2834 595 2874 didus
615 2834 777 2875 officiis
798 2835 956 2894 recitan
991 2836 1041 2883 is,
1063 2835 1353 2887 intelligantur
1372 2836 1500 2877 etiam
1519 2836 1626 2884 dies.
1647 2835 1690 2878 in
1710 2839 1870 2889 quibus

375 2886 619 2937 ponendum
638 2896 702 2925 est
723 2885 919 2926 Officium
941 2888 994 2927 de
1018 2887 1145 2929 Festo
1163 2887 1338 2939 duplici,
1358 2888 1426 2928 vel
1445 2886 1713 2940 semiduplici
1735 2900 1870 2934 trans-
