2050 3392
322 249 392 302 80

322 374 575 434 injustitias
625 389 795 421 manus
846 382 1029 421 vestrae

321 435 621 481 concinnant.

380 495 585 540 Alienati
614 502 722 540 sunt
753 493 1028 565 peccatores

321 568 352 598 a
371 554 521 606 vulva,
548 554 814 598 erraverunt
835 554 898 597 ab
929 552 1030 597 tite-

323 627 394 658 ro:
411 612 437 636 ⁴*
458 613 602 657 locuti
626 620 735 656 sunt
758 612 889 656 salsa

384 672 534 716 Furor
555 672 642 715 iuis
664 669 877 715 secundt‘x
908 671 1030 715 simi·

321 730 568 775 litudinem
590 727 892 786 sementim*
908 729 1030 774 sicut

322 789 692 846 Aspidissurdae,
707 796 753 833 et
763 788 1030 834 obtul-amis

322 861 460 892 aures
481 861 604 899 suas,

383 906 521 961 Quae
529 920 624 951 non
634 906 852 951 exoudiet
865 919 1031 951 vocem

323 965 700 1011 incantantium:
722 965 750 990 ὕ
770 973 817 1010 et
838 965 1032 1011 'venefici

325 1025 608 1070 incantamis
629 1025 878 1082 sapienter.

387 1084 518 1129 Deus
538 1084 748 1130 conteret
769 1086 938 1129 dentes
953 1083 1034 1128 eo-

327 1156 431 1187 rum
447 1144 494 1187 in
503 1157 586 1187 ore
598 1143 828 1200 ipsorum:
845 1141 1033 1187 *molas

326 1202 517 1247 leonum
534 1202 797 1258 confringet
817 1202 966 1246 Dnus.

384 1261 462 1305 Ad
529 1260 725 1305 nihilum
784 1261 1034 1305 devenient

325 1327 570 1376 tamquam
588 1332 715 1376 aqua
727 1317 1035 1364 decurrensz*

327 1378 526 1423 intendit
542 1391 705 1422 arcum
720 1392 860 1423 suum
881 1380 1036 1423 donec

325 1436 633 1482 infirmentur.

385 1496 516 1541 Sicut
562 1509 682 1547 cera,
739 1509 863 1553 quae
911 1496 1030 1547 fluit.

327 1554 595 1599 auferentur
623 1569 633 1599 :
666 1553 694 1577 *
725 1555 1035 1611 supercecidit

327 1614 463 1670 ignis.
478 1622 524 1658 et
534 1627 629 1657 non
642 1613 859 1658 viderunt
867 1614 1030 1659 solem.

388 1671 671 1731 Priusquam
721 1673 1033 1731 intelligerent

326 1733 493 1790 spinae
514 1736 694 1778 vestrae
714 1734 987 1778 rhamnum:
1007 1732 1035 1756 ⁴*

327 1793 447 1837 sicut
469 1792 689 1844 viventes,
713 1793 782 1837 sic
803 1793 851 1836 in
868 1793 938 1837 ira
951 1794 1037 1838 ab-

327 1851 486 1896 sorbet
507 1864 603 1896 eos.

391 1910 666 1954 Laetabitur
678 1912 835 1992 Justus
848 1924 959 1955 cum
971 1910 1037 1955 vi-

327 1969 448 2013 derit
476 1968 774 2013 vindictam:
806 1967 1036 2014 *manus

328 2041 438 2073 suas
484 2027 660 2073 lavabit
706 2028 756 2073 in
806 2028 1038 2085 sanguine

327 2086 605 2145 peccatoris.

389 2146 451 2191 Et
467 2147 594 2192 dicet
611 2147 791 2192 homo
781 2161 791 2171 ·
809 2146 858 2192 Si
871 2145 1038 2204 utique

327 2213 399 2251 est
427 2205 608 2251 fruetus
632 2208 800 2264 justo·
824 2204 1038 2276 *utique

327 2273 401 2311 est
443 2266 574 2311 Deus
610 2265 830 2325 judioens
869 2279 952 2311 eos
987 2267 1038 2311 in

328 2333 466 2371 terra.

509 2418 722 2462 {minius
747 2419 850 2461 lxm·

481 2503 636 2547 RIPE
659 2516 734 2548 me
755 2504 816 2547 de
833 2501 1038 2548 inimicis

497 2563 627 2615 meis,
658 2563 789 2607 Deus
820 2574 987 2607 meus:

330 2628 375 2665 et
408 2621 471 2664 ab
501 2621 850 2678 insurgentibus
882 2621 929 2664 in
958 2629 1039 2665 me

329 2679 475 2723 libera
495 2693 584 2724 me.

393 2737 534 2794 Eripe
555 2751 631 2783 me
650 2740 712 2784 de
732 2738 1038 2807 operantibus

331 2795 666 2851 iniquitatem·
696 2796 723 2820 ⁴*
744 2806 791 2841 et
832 2798 895 2841 de
928 2797 1038 2841 viris

331 2853 616 2910 sanguinum
637 2856 766 2900 salva
786 2869 876 2901 me.

624 247 802 305 Fma
820 250 1031 320 qu'arta
1055 251 1138 304 ad
1153 251 1530 305 Matutinum.

1151 374 1281 430 Quia
1309 377 1420 418 ecce
1449 370 1676 430 ceperunt
1705 362 1817 417 ani-

1038 444 1041 445 ’
1095 448 1223 478 mam
1241 446 1397 477 meam
1421 447 1431 478 z
1454 431 1482 456 ὕ
1504 431 1739 477 irruerunt
1759 431 1814 476 in

1097 507 1172 538 me
1193 493 1349 538 sortes.

1156 552 1326 609 Neque
1341 551 1563 609 iniquitas
1579 562 1702 602 mea
1724 563 1814 594 ne-

1096 625 1190 669 que
1219 610 1467 692 peccatum
1500 622 1676 661 meum,
1706 609 1814 655 Do-

1096 671 1259 714 mine:
1283 668 1432 714 *sine
1454 667 1704 726 iniquitate
1724 681 1815 712 cu-

1096 729 1229 780 curri,
1257 736 1305 773 et
1325 728 1489 773 direxi.

1158 787 1347 844 Exurge
1424 788 1473 831 in
1553 785 1814 831 occursum

1096 861 1269 898 meum,
1285 854 1331 891 et
1346 847 1452 891 vide
1474 860 1484 890 :
1502 844 1532 869 ⁴*
1546 853 1593 890 et
1609 852 1676 896 tu,
1700 846 1815 890 Dfle

1099 906 1231 951 Deus
1247 904 1482 956 virtutum,
1494 905 1626 949 Deus
1642 905 1807 956 Israel,

1160 964 1359 1009 Intende
1420 965 1486 1009 ad
1547 963 1815 1008 visitAndas

1099 1037 1264 1068 omnes
1276 1024 1482 1069 Gentes:
1499 1023 1527 1047 ⁴*
1549 1035 1646 1067 non
1666 1022 1816 1067 mise-

1100 1083 1241 1127 rearis
1257 1082 1491 1133 omnibus,
1512 1083 1595 1138 qui
1608 1081 1815 1139 operan-

1100 1150 1175 1186 tur
1194 1141 1504 1198 iniquitatem.

1158 1198 1503 1245 Convertentur
1541 1201 1606 1245 ad
1646 1199 1817 1257 vespe-

1099 1272 1235 1302 ram:
1249 1266 1297 1303 et
1309 1259 1484 1303 famem
1500 1258 1743 1315 patientur
1757 1265 1814 1303 ut

1101 1331 1255 1369 canes,
1284 1316 1379 1362 ⁴*et
1405 1317 1667 1362 circuibunt
1699 1318 1816 1362 civi-

1102 1377 1262 1422 tatem.

1161 1437 1286 1481 Ecce
1335 1435 1589 1493 loquentur
1637 1435 1687 1479 in
1728 1449 1818 1481 ore

1101 1509 1202 1546 suo.
1249 1503 1295 1540 et
1337 1495 1525 1551 gladius
1576 1495 1625 1539 in
1676 1494 1819 1540 labiis

1101 1555 1266 1600 eorum
1303 1567 1314 1598 ε
1356 1553 1653 1612 ⁴*quoniam
1705 1554 1819 1610 quis

1100 1612 1310 1658 auCflVit?
1480 1636 1492 1652 ο

1162 1673 1225 1717 Et
1243 1680 1307 1725 tu,
1330 1671 1548 1724 Domine,
1572 1671 1816 1718 deridebis

1103 1745 1184 1778 eos
1213 1747 1223 1777 :
1247 1731 1275 1756 ⁴*
1295 1733 1361 1777 ad
1381 1732 1580 1776 nihilum
1601 1731 1817 1778 deduces

1103 1804 1268 1836 omnes
1282 1791 1477 1835 Gentes.

1164 1850 1512 1896 Fortitudinem
1552 1864 1709 1896 mam
1748 1851 1816 1896 ad

1104 1918 1150 1954 te
1200 1908 1481 1960 custodiam,
1525 1907 1639 1966 quia
1681 1909 1817 2038 θεῖ

1104 1969 1272 2026 suscep
1274 1977 1350 2013 tor
1369 1981 1504 2013 meus
1524 1981 1607 2013 es:
1629 1967 1657 1991 ⁴*

1105 2042 1250 2080 meus,
1328 2027 1651 2073 misericordia
1756 1923 1821 2074 Ξ

1104 2085 1372 2144 praeveniet
1394 2100 1485 2131 me.

1165 2146 1295 2191 Deus
1308 2145 1529 2191 ostendet
1543 2146 1658 2190 mihi
1672 2157 1818 2204 super

1105 2205 1319 2250 inimicos
1350 2218 1495 2256 meos,
1529 2218 1591 2249 ne
1620 2204 1817 2251 occidas

1192 2262 1250 2289 ·*
1263 2263 1520 2320 ιιαιιιάιιάο
1534 2263 1818 2309 obliviscan-

1103 2278 1300 2427 &osurDipgp
1301 2323 1574 2438 urlgiemiffbs·
1561 2382 1608 2426 in
1640 2381 1817 2428 virtute

1104 2450 1226 2487 tua:
1297 2448 1344 2486 et
1367 2440 1557 2497 depone
1577 2453 1674 2491 eos.
1703 2454 1816 2499 pro-

1104 2501 1256 2546 tector
1279 2514 1424 2551 meus.
1455 2500 1693 2545 Domine:

1165 2557 1402 2604 Deliotum
1473 2559 1569 2604 oris
1625 2558 1808 2611 eorum.

1103 2619 1368 2664 sermonem
1410 2617 1644 2663 labiorum
1687 2618 1816 2675 ipso-

1104 2692 1208 2722 rum
1224 2676 1272 2723 τ’*
1287 2684 1335 2721 et
1348 2676 1817 2733 comprehendantur

1103 2738 1151 2781 in
1172 2736 1390 2795 superbia
1412 2748 1511 2780 sua.

1163 2797 1225 2840 Et
1239 2797 1300 2840 de
1312 2794 1609 2840 execratione
1621 2802 1670 2840 et
1684 2808 1816 2842 men·

1104 2855 1243 2901 dacio
1292 2852 1706 2900 annuntiabuntur
1766 2856 1814 2901 in
