2050 3392
136 1238 139 1259 1

135 1262 141 1379 ἒ

195 390 274 432 erit
291 392 359 435 hic
374 394 514 455 cyclus
542 410 590 447 19
616 396 931 447 Epaetamm.

197 442 499 502 Quamobrem
487 454 546 487 tta
561 448 813 488 emendatus
830 456 897 488 est

193 503 241 534 ut
258 493 301 535 in
321 508 524 556 posterum
552 499 645 539 loeo
667 498 802 539 Aurei
821 513 897 540 nu·

195 545 313 595 meri,
332 558 373 588 et
398 547 604 590 dietarum
634 563 681 600 19
711 550 894 608 Epaeta-

195 609 300 646 rum,
320 608 482 640 utamur
504 614 553 651 30
573 599 762 641 numeris
785 601 896 659 Epa·

194 629 367 690 §talibus
374 650 427 690 ab
443 665 458 691 1
474 665 608 702 usque
617 652 672 692 ad
687 666 737 701 30
750 654 898 692 ordme

195 700 568 761 progredientibus,
584 701 781 753 quamvis
799 702 897 743 ulti-

196 763 260 790 ma
288 751 461 810 Epac‘ta‚
491 753 581 794 sive
608 766 720 803 quae
747 753 896 794 ordine

194 809 255 841 est
282 802 520 863 trigesima,
545 814 692 845 notata
719 818 896 845 numero

194 864 273 892 non
300 852 366 902 sit,
386 855 460 895 sed
487 855 522 895 si
555 868 611 895 no
638 854 774 904 hoc,*

193 912 331 962 pterea
348 906 460 956 quod
479 920 536 946 nu
509 906 596 946 ula
617 906 783 957 Epaeta
801 920 894 947 esse

192 955 320 1003 possit
337 969 395 1006 30.
466 956 606 997 Variis
624 967 769 998 autem
792 966 895 998 tem-

191 1005 357 1054 poribus
383 1021 436 1048 ex
462 1007 529 1049 his
550 1022 601 1059 30
629 1008 804 1059 EpaCtis
832 1023 894 1049 re-

191 1058 391 1115 spondent
411 1060 560 1100 decem
579 1068 623 1100 et
641 1072 794 1099 novem
806 1061 895 1100 Au-

190 1106 269 1147 reis
296 1109 475 1151 numeris
504 1110 648 1151 variae
675 1111 824 1151 decem
851 1120 894 1151 et

189 1171 335 1219 novem
364 1161 398 1200 E
397 1161 553 1252 {actae
579 1171 705 1213 prout
736 1161 893 1203 Solaris

188 1211 299 1259 anni,
319 1224 369 1252 ac
397 1175 577 1254 unaris
604 1213 805 1263 aequatio
823 1227 894 1253 ex

190 1261 345 1312 poscit:
363 1277 472 1354 qgae
490 1263 665 1314 quidem
685 1266 832 1305 decem
851 1273 894 1304 et

527 259 618 312 De
638 259 695 313 A
701 275 816 313 nno
837 263 895 312 et
912 259 1039 329 ejus
1048 261 1332 331 partibus.

1582 278 1675 315 vu.

959 404 1045 446 tur,
1065 408 1114 439 ut
1131 397 1249 444 olim.
1268 411 1346 448 per
1371 398 1569 438 eumdem
1596 411 1675 437 nu·

960 462 1125 489 merum
1153 463 1217 508 ,¹¹1
1237 449 1542 499 addunturque
1567 461 1677 489 sem-

960 513 1036 551 per
1072 515 1119 540 ια
1151 498 1211 540 illi
1242 500 1432 550 Epaetae
1467 513 1578 550 quae
1612 513 1677 540 re·

960 553 1142 602 spondet
1168 552 1313 591 Aureo
1341 563 1517 591 numero
1548 565 1609 602 19,
1626 559 1674 592 ut

960 602 1170 642 habeatur
1194 614 1377 653 sequens
1415 602 1576 652 Epacta
1613 615 1676 642 re-

960 654 1174 712 spondens
1191 655 1336 693 Aureo
1355 666 1530 694 numero
1559 668 1595 700 1,
1618 651 1674 693 ob

960 703 1169 744 rationem
1203 704 1331 754 paulo
1366 715 1466 745 ante
1497 684 1668 745 dictem.

963 754 1014 795 Id
1047 757 1162 804 quod
1190 768 1371 813 sequens
1400 755 1556 795 tabella
1582 769 1675 814 per-

959 805 1155 856 spicuum
1177 806 1317 854 factet,
1346 819 1458 857 quae
1486 814 1675 847 continet

958 857 1126 898 Aureos
1165 870 1376 906 numeros,
1405 867 1448 898 et
1487 857 1674 908 Epac‘tas

958 906 1072 948 inter
1088 921 1134 948 se
1153 910 1453 967 respondentes
1480 909 1535 949 ab
1560 922 1674 949 anno

962 962 1060 1009 1582
1079 969 1175 1010 post
1192 959 1495 1001 detractionem
1521 974 1568 1001 ιο
1585 959 1674 1000 die·

959 1024 1069 1058 rum,
1088 1024 1223 1061 usque
1240 1012 1296 1051 ad
1314 1024 1473 1051 annum
1491 1025 1591 1062 1700
1603 1024 1674 1050 ex-

958 1041 1131 1102 clusive
1160 1061 1365 1112 Quamvis
1374 1073 1518 1120 autern
1529 1062 1675 1111 vulga-

958 1126 1027 1152 res
1049 1112 1236 1171 Epaetae
1255 1123 1473 1154 mutentur
1492 1113 1535 1152 in
1558 1113 1675 1152 Mar-

958 1163 1035 1211 tio,
1056 1177 1101 1204 re
1120 1162 1211 1214 ipsa
1237 1173 1378 1205 tamen
1404 1164 1445 1204 in
1467 1162 1675 1215 principio

957 1214 1057 1256 anni
1077 1216 1307 1256 mutandae
1325 1226 1440 1276 sunt,
1461 1229 1547 1256 una
1573 1227 1674 1255 cum

957 1267 1061 1306 Aur.
1081 1279 1215 1314 num„
1231 1266 1274 1306 in
1293 1267 1416 1317 cujus
1435 1266 1574 1306 locum
1594 1265 1675 1305 hae

190 1325 337 1353 novem
363 1277 570 1365 quactae
614 1315 891 1366 progrediun·
924 1338 928 1361 ι
958 1326 1127 1357 nostrae
1149 1317 1337 1369 Epac’tae
1355 1318 1604 1358 succedunt.

195 1415 238 1459 T
232 1415 383 1461 abella
414 1417 715 1522 &vanarum
745 1418 1127 1476 respondentium
1164 1419 1211 1463 A
1219 1433 1348 1465 urezs
1385 1419 1601 1464 numeris
1621 1418 1681 1462 ab

242 1476 406 1520 Idibus

469 1477 639 1521 llobris
653 1478 780 1521 anni
793 1478 1093 1522 correctionis
1125 1481 1238 1536 1582
1265 1478 1523 1536 (detraltis
1532 1479 1681 1537 prius

241 1536 389 1581 decem
409 1536 571 1581 dubus
573 1534 604 1595 )
624 1551 769 1596 usque
787 1537 854 1581 ad
871 1551 1059 1582 annum
1085 1552 1200 1596 1700
1219 1539 1469 1585 exclusive.

202 1648 295 1688 Aur.
326 1661 440 1688 num.
506 1650 541 1687 6.
634 1661 668 1707 7.
759 1650 794 1688 8.

225 1699 423 1750 Epactae.
464 1698 576 1739 xxvi.
613 1698 682 1739 vii.
718 1698 833 1740 xviii.
869 1699 984 1740 xxix.
1034 1714 1074 1740 x.
1197 1700 1221 1740 '.
1287 1699 1312 1708 ’”

397 1775 454 1813 ι6.
549 1787 608 1832 17.
699 1775 758 1832 18.
852 1787 910 1831 ¹.9·
988 1786 1022 1832 ι.
1118 1788 1153 1832 3:
1271 1787 1327 1832 3.·..
1411 1787 1454 1832 4.
1573 1786 1606 1823 5.
1667 1771 1675 1881 ι

192 1703 294 1880 15
253 1838 287 1865 v.
378 1823 462 1864 xvi.
511 1822 637 1864 xxvii.
683 1823 768 1864 viii
833 1837 917 1863 xix.
990 1837 1016 1864 1.
1095 1837 1166 1864 xn.
1226 1838 1342 1864 xxm.
1410 1823 1463 1864 iv.
1554 1838 1621 1864 xv.

1024 1663 1083 1689 10.
1156 1663 1214 1689 11.

1137 1714 1209 1740 xxi
1284 1713 1327 1741 u.

1279 1663 1338 1689 12.
1409 1639 1508 1708 ¹.ss
1512 1640 1520 1643 ⁸
1561 1662 1619 1707 ι4,

1393 1713 1639 1741 x111.xxlv.

240 1923 901 1983 ltaques1Epa6taquocumque
932 1943 933 1956 ι
964 1938 991 1965 a
1009 1937 1096 1975 quo
1123 1938 1227 1965 usus
1254 1924 1435 1965 tabellae
1454 1923 1618 1975 incipit.
1640 1932 1683 1964 et

194 1991 295 2018 anno
316 1974 535 2028 proposito
555 1974 811 2016 invenienda
829 1974 900 2024 sit,

194 2029 467 2118 ιιιιεειειιάιιὲ»
459 2027 695 2067 estAureus
704 2040 904 2085 numerus
931 2019 934 2048 ³

224 2079 298 2119 lius
322 2091 425 2119 anm
454 2091 499 2117 ιιι
526 2077 734 2136 superiori
753 2076 902 2118 ordine

144 2159 147 2190 ;
198 2129 299 2171 iuius
324 2129 525 2175 tabellae,
553 2142 666 2187 quae
702 2127 762 2168 illi
799 2137 903 2169 tem-

197 2181 293 2231 pori,
312 2181 353 2221 in
379 2193 468 2231 quo
498 2178 739 2238 propositus
766 2192 903 2219 annus

200 2283 272 2343 sub
304 2285 443 2324 Aureo
491 2294 668 2322 numero
713 2280 757 2320 in
801 2281 905 2322 inse-

204 2334 291 2375 riori
304 2333 449 2375 ordine
469 2333 655 2373 tabellae
671 2331 906 2382 reperietur

206 2385 353 2444 EpaRa
366 2383 465 2425 anni
485 2397 563 2434 pro
644 2392 692 2422 ιιι
707 2382 776 2422 vel
791 2392 905 2423 certe

204 2436 275 2477 hoc
298 2436 472 2487 signum.
564 2396 659 2474 &bi
695 2446 798 2492 ergo
833 2434 937 2474 illa

208 2487 355 2546 Epaeta
388 2486 453 2527 vel
493 2484 666 2536 signum
685 2484 709 2506 ³*
738 2497 781 2524 ιιι
820 2484 907 2525 Ka-

964 1977 1203 2035 secundum
1237 1976 1429 2016 Aureum
1459 1988 1682 2016 numerum

965 2026 1162 2078 sequenti
1206 2040 1334 2075 anno,
1380 2026 1456 2068 &e
1516 2027 1683 2067 Eodem

966 2079 1093 2119 modo
1128 2077 1366 2136 reperietur
1394 2076 1560 2136 Epacta
1590 2076 1683 2117 sine

932 2133 935 2142 '
965 2131 1111 2170 Aureo
1127 2143 1317 2177 numero,
1320 2143 1355 2169 5ι
1369 2128 1504 2187 prima
1515 2129 1682 2179 Epacta

934 2217 935 2222 ,
967 2180 1149 2221 tabellae
1177 2180 1390 2220 tribuatur
1421 2179 1482 2219 illi
1509 2193 1636 2225 anno,
1657 2192 1683 2218 a

199 2232 423 2273 continetur
425 2229 653 2280 ,congruit
672 2229 903 2270 Moxenim
934 2231 935 2244 ¹

967 2244 1053 2281 quo
1072 2232 1166 2281 ejus
1181 2245 1284 2272 usus
1298 2229 1462 2289 incipit.
1479 2240 1521 2271 et
1533 2244 1682 2271 secun-

968 2283 1024 2323 da
1046 2283 1211 2333 Epac'ta
1237 2281 1434 2332 sequenti
1452 2294 1579 2328 anno,
1600 2281 1678 2322 διο.

1000 2333 1296 2393 Exemplum:
1314 2335 1441 2373 Anno
1461 2312 1685 2373 εοιτέὀὶίο·

968 2383 1035 2425 ιιί5
1065 2388 1176 2435 1582,
1197 2386 1366 2443 Aureus
1392 2397 1592 2442 numerus
1619 2391 1683 2423 est

969 2438 1010 2482 6:
1024 2449 1178 2495 nempe
1193 2434 1356 2493 primus
1372 2434 1532 2493 primae
1553 2433 1685 2474 tabel-

936 2483 1051 2535 lae,
1071 2500 1196 2537 cujus
1215 2500 1317 2527 usus
1341 2484 1494 2545 incipit
1515 2484 1569 2524 ab
1601 2484 1686 2525 Idi·

209 2538 379 2579 lendario
413 2538 637 2578 inventum
675 2534 818 2583 fuerit,
856 2549 906 2576 eo
936 2523 939 2554 1
969 2536 1051 2578 bus
1078 2537 1276 2595 Octobris
1308 2535 1412 2577 dieti
1440 2534 1540 2575 anni
1570 2551 1588 2576 1
1618 2538 1683 2583 82,

210 2590 270 2629 die
305 2588 579 2630 Novilunium
623 2585 707 2626 fiet.

219 2755 263 2801 ex
290 2743 430 2783 tabella
468 2741 734 2799 Epatftarum
764 2752 911 2799 propo-

219 2793 289 2834 sito
322 2806 485 2844 tempori
530 2802 811 2841 congruente,
841 2790 911 2831 tri-

220 2844 369 2885 buendo
422 2845 569 2884 timum
607 2845 802 2882 Aureum
838 2856 913 2881 nu·

787 2586 908 2627 Inve·
938 2567 939 2612 1
971 2588 1172 2629 detractis
1193 2589 1309 2639 prius
1327 2602 1355 2627 x
1374 2585 1537 2626 diebus.

211 2640 335 2681 nietur
356 2652 493 2680 autem
515 2641 690 2679 Aureus
710 2650 908 2679 numerus

214 2692 336 2732 veiex
354 2692 629 2732 antecedente
651 2701 827 2734 canone,
844 2690 908 2729 vel
939 2689 942 2735 Α
973 2704 1020 2730 su

975 2752 1057 2789 tur,
1076 2742 1177 2791 fietq
1180 2755 1233 2781 ue
1257 2738 1536 2779 Novilunium
1553 2740 1622 2779 die
1639 2754 1687 2790 27

975 2793 1188 2840 Octobris,
1209 2803 1251 2831 et
1281 2793 1329 2830 26
1354 2790 1624 2837 Novembris,
1645 2799 1689 2830 et

975 2858 1023 2893 25
1045 2842 1307 2884 Decembris.
1336 2841 1445 2880 Item
1463 2853 1573 2880 anno
1592 2843 1688 2891 1583

172 2927 173 2936 ,
225 2909 366 2937 merum
384 2895 394 2935 i
413 2894 486 2936 lius
501 2894 691 2936 tabellae
711 2891 771 2932 illi
785 2906 911 2942 anno,
970 2895 1062 2945 jam
1080 2894 1269 2936 correfio
1296 2895 1465 2931 Aureus
1491 2904 1692 2931 numerus

1611 2587 1685 2627 rit

1048 2654 1073 2680 o
1107 2651 1207 2680 tunc
1237 2640 1305 2689 Ep
1307 2638 1403 2678 acta
1431 2636 1546 2684 xxvi,
1574 2651 1685 2688 quae

1079 2693 1223 2730 Aureo
1260 2700 1435 2729 numero
1462 2690 1485 2726 6
1512 2688 1688 2729 collooe·

172 2953 1743 2997 2———-——-——-———.——-————-—-—-—--
