2050 3392
467 270 768 320 Commune
796 263 1138 336 Confessoris
1165 267 1472 338 Pontificis.

1583 269 1730 326 lxvii.

297 390 371 436 Ex
403 402 485 435 ore
514 388 765 435 infantium
796 397 845 436 et
874 389 941 435 la-
1024 389 1192 436 Sermo
1201 391 1246 436 S.
1265 390 1464 438 Maximi
1480 391 1720 453 Episcopi.

233 449 467 496 &entium
488 448 723 506 perfecisti
748 450 953 495 laudem·
1023 450 1163 497 Hom.
1189 450 1268 498 lix.
1315 452 1372 498 de
1391 453 1441 499 S.
1470 453 1635 501 Euseb.
1673 454 1721 502 ii.

232 517 433 568 propter
461 508 676 555 inimicos
709 508 867 562 tuos,*
887 517 939 554 ut

233 569 451 616 destruas
473 568 717 619 inimicum
737 576 786 615 et
816 569 940 616 ulte«

231 643 349 676 rem.

292 688 535 746 Queniam
575 688 751 736 videbo
781 689 942 736 coelos

232 758 357 804 tuos,
384 749 533 806 epera
552 749 813 808 digiterum
833 750 939 796 tue-

228 823 338 855 rum
365 823 377 855 :
409 808 436 833 ⁴*
467 810 628 855 lunam
668 817 717 855 et
759 809 931 864 stellas,

231 883 356 928 quae
378 877 431 914 tu
450 867 673 914 fundasti.

290 929 422 984 Quid
434 936 506 975 est
520 929 681 982 homo,
696 930 829 987 quod
843 944 939 975 me-

228 1002 338 1034 mor
352 1003 403 1034 es
418 989 553 1047 eJus?
570 987 596 1012 ⁴*
611 996 695 1035 aut
712 988 837 1034 filius
854 989 939 1037 he-

228 1049 383 1101 minis,
391 1048 619 1106 queniam
630 1048 789 1094 visitas
798 1050 936 1094 eum?

290 1107 508 1154 Minuisti
539 1122 649 1153 eum
676 1109 821 1165 paulo
851 1110 939 1154 mi-

227 1181 321 1214 nus
360 1169 424 1213 ab
451 1168 662 1226 AngeliS,
699 1168 851 1226 gleria
890 1178 937 1214 et

226 1226 410 1274 honere
430 1226 668 1274 coronasti
691 1238 801 1274 eum
821 1224 875 1283 zv*
890 1236 939 1275 et

226 1287 515 1333 constituisti
532 1301 642 1334 eum
664 1302 808 1345 super
822 1287 936 1347 epe-

224 1360 283 1394 ra
303 1346 534 1394 manuum
555 1347 758 1394 tuarum.

287 1407 467 1454 Omnia
486 1408 724 1466 subjecisti
748 1409 839 1456 sub
853 1407 935 1467 pe-

226 1467 371 1514 dibus
402 1466 552 1525 ejusff‘
574 1481 687 1513 oves
719 1476 765 1514 et
790 1470 934 1514 boves

225 1525 493 1574 universas:
516 1526 709 1585 insuper
728 1535 775 1573 et
796 1527 937 1586 peco-

224 1601 284 1633 ra
303 1587 475 1645 campi.

288 1646 518 1694 leucres
549 1647 682 1702 coeli,
711 1655 757 1694 et
784 1649 937 1706 pisces

225 1708 387 1760 mariS,
424 1705 454 1731 ⁴*
483 1708 565 1767 qui
605 1708 937 1767 perambulant

226 1767 424 1815 semitas
444 1769 599 1814 maris.

290 1826 499 1874 Demine
531 1828 667 1874 Dfius
708 1836 883 1882 noster,
907 1828 935 1853 ⁴*

225 1900 378 1946 quam
389 1887 669 1934 admirabile
676 1896 748 1934 est
757 1903 933 1935 nomen

226 1955 370 1993 tuum
390 1947 439 1993 in
458 1948 673 1993 universa
694 1956 817 1994 terra
843 1952 853 1995 l

286 2002 406 2048 Aea.
467 2007 674 2053 Demine
700 2009 936 2055 Deminus

224 2072 403 2120 noster,
460 2080 607 2125 quam
660 2069 937 2114 admirabile

224 2133 301 2172 est
350 2140 527 2172 nomen
569 2134 706 2173 tuum
745 2129 795 2173 in
834 2130 939 2174 uni·

227 2185 366 2232 versa
416 2194 539 2232 terra
565 2189 575 2232 l
627 2189 741 2245 quia
783 2188 936 2246 gleria

224 2253 277 2291 et
320 2246 500 2292 honere
539 2247 777 2293 coronasti
820 2248 938 2293 San-

226 2305 365 2350 etum
398 2313 546 2359 tuum,
573 2316 622 2351 et
651 2307 935 2353 constituisti

226 2377 342 2410 eum
363 2378 504 2423 super
528 2365 676 2424 &pera
706 2366 936 2413 manuum

231 2423 436 2471 tuarum.

289 2477 350 2536 Y·
390 2483 547 2543 Elegit
568 2500 679 2532 eum
698 2486 934 2534 Deminus

225 2545 528 2591 sacerdetem
576 2546 678 2591 sibi.
738 2539 809 2597 Rsl.
856 2548 937 2592 Ad

226 2604 595 2651 sacrificandum
637 2607 680 2652 ei
729 2605 935 2652 bestiam

227 2664 399 2710 laudis.

293 2724 436 2769 Pater
454 2732 628 2771 noster·
668 2715 934 2762 AbSOlUtiO.

230 2784 390 2842 Ipsius
410 2785 588 2845 pietas,
605 2775 672 2827 V.
723 2785 829 2837 ube,
852 2784 938 2831 do-

227 2853 357 2890 mne,
378 2837 667 2884 Benedictio.
752 2855 836 2891 eus
851 2844 937 2890 Pa.

229 2913 306 2951 ter
324 2901 646 2963 omnipotens».

1240 532 1413 579 Leetio
1439 532 1501 578 iv.

1148 654 1159 664 .
1215 606 1230 610 '
1268 603 1313 647 D
1337 603 1490 648 saneti
1522 619 1579 649 ac
1613 604 1728 651 bea-

1052 708 1056 726 a
1114 660 1172 704 ,²—
1289 661 1456 708 tissimi
1473 664 1622 710 Patris
1638 679 1723 710 no-

1119 730 1230 782 lgssx
1285 725 1365 769 stri
1444 723 1507 770 N.
1589 726 1722 785 cujus

1043 767 1063 803 ἢ
1114 768 1235 814 Q
1279 778 1424 829 hedie
1452 785 1573 830 festa
1602 784 1720 829 cele·

1021 840 1228 897 bremus,
1264 843 1432 890 laudes
1461 845 1714 897 addidisse,

1020 900 1202 960 aliquid
1268 905 1555 961 decerpsisse
1614 912 1718 951 est:

1017 961 1251 1019 siquidem
1323 963 1547 1009 virtutum
1620 965 1722 1022 ejus

1016 1021 1172 1078 gratia
1201 1036 1298 1067 non
1319 1023 1614 1070 sermenibus
1645 1038 1722 1069 ex-

1019 1081 1244 1138 ponenda
1273 1090 1358 1136 est,
1394 1085 1479 1128 sed
1501 1083 1722 1141 operibus

1018 1141 1389 1199 comprobanda.
1428 1143 1551 1189 Cum
1594 1144 1721 1189 enim

1020 1201 1149 1247 dicat
1211 1201 1453 1260 Scriptura
1493 1217 1504 1249 ε
1558 1204 1722 1250 Gleria

1023 1261 1176 1307 Patris
1217 1271 1289 1309 est
1329 1263 1453 1308 filius
1483 1263 1672 1321 sapiens
1709 1277 1719 1309 :

1020 1329 1228 1379 quantae
1242 1324 1382 1382 hujus
1398 1332 1506 1369 sunt
1523 1322 1714 1381 gleriae,

1020 1382 1102 1439 qui
1138 1383 1377 1430 tanterum
1410 1384 1612 1429 filierum
1649 1396 1723 1428 sa-

1020 1441 1211 1498 pientia,
1235 1451 1283 1489 et
1305 1443 1558 1489 devotiene
1579 1442 1724 1488 laeta-

1019 1502 1132 1546 tur?
1165 1501 1221 1546 In
1253 1503 1444 1549 Christo
1466 1504 1591 1548 enim
1605 1503 1723 1566 Jesu

1019 1574 1105 1618 per
1148 1561 1461 1620 Evangelium
1494 1564 1594 1620 ipse
1636 1575 1724 1608 nos

1014 1620 1194 1678 genuit.
1225 1644 1228 1648 ⁴

1078 1673 1151 1733 R7.
1181 1681 1342 1729 Inveni
1360 1680 1517 1728 David
1539 1695 1724 1727 servum

1016 1756 1193 1794 meum.
1249 1742 1357 1789 eleo
1401 1741 1570 1787 saneto
1615 1756 1724 1787 meo

1016 1802 1130 1846 unxi
1163 1816 1273 1847 eum
1302 1818 1312 1848 ε
1339 1795 1366 1819 ³*
1391 1803 1566 1847 Manus
1597 1802 1723 1846 enim

1014 1876 1126 1906 mea
1175 1861 1482 1907 auxiliabitur
1533 1861 1589 1907 ei.
1655 1855 1715 1916 W.

1016 1920 1150 1966 Nihil
1174 1922 1388 1979 proficiet
1438 1920 1654 1966 inimicus
1673 1919 1723 1966 in

1015 1995 1088 2035 eo,
1127 1990 1175 2027 et
1197 1982 1321 2027 filius
1343 1980 1604 2039 iniquitatis
1625 1994 1724 2027 non

1017 2041 1208 2088 nocebit
1231 2042 1286 2087 ei.
1296 2042 1547 2087 —Manus.
1577 2037 1721 2083 Bene-

1016 2092 1182 2142 ditstio.
1213 2100 1428 2149 Christus
1445 2100 1715 2161 perpetuae.

1244 2171 1412 2220 Lee‘tio
1432 2187 1473 2220 v,

1153 2249 1460 2307 UIDQUID
1502 2250 1646 2309 igitur
1672 2251 1722 2296 in

1179 2310 1270 2355 hac
1345 2310 1512 2355 saneta
1581 2310 1722 2366 plebe

1016 2375 1176 2426 potest
1200 2383 1302 2415 esse
1333 2368 1517 2414 virtiitis
1550 2377 1596 2413 et
1617 2368 1723 2426 gra-

1015 2431 1126 2482 tiae,
1154 2431 1216 2474 de
1239 2430 1330 2474 hoe
1354 2429 1489 2486 quasi
1510 2428 1720 2485 quodam

1014 2488 1148 2533 fonte
1172 2489 1479 2540 lucidissimo,
1506 2487 1719 2533 emnium

1012 2548 1273 2594 rivulerum
1322 2546 1502 2605 puritas
1530 2546 1722 2593 emane-

1012 2607 1090 2652 vit.
1124 2608 1313 2651 Etenim
1348 2607 1462 2664 quia
1492 2606 1721 2652 eastitatis

1012 2666 1226 2723 pollebat
1250 2665 1425 2724 vigere,
1445 2666 1557 2723 quia
1577 2663 1718 2711 absti-

1010 2726 1204 2772 nentiae
1285 2725 1580 2783 gloriabatur
1637 2739 1721 2771 an-

1009 2783 1195 2843 giistiis,
1235 2786 1349 2842 quia
1384 2783 1721 2832 blandimentis

1009 2852 1111 2889 erat
1177 2845 1421 2901 praeditus
1496 2844 1715 2899 lenitatis,

1010 2903 1235 2951 emnium
1276 2904 1452 2952 civium
1482 2904 1532 2949 in
1563 2904 1719 2950 Deum

1027 787 1034 811 l
