2050 3392
125 408 547 455 vitamaeternam.
572 409 668 465 Qui
680 417 844 458 autem

125 466 318 512 faciunt
340 469 591 525 peccatum
611 477 658 514 et
674 469 845 527 iniqui·

127 526 297 577 uitem,
327 528 488 573 hostes
514 537 626 574 sunt
653 528 845 575 animae

126 598 265 630 suae.
305 586 561 633 Manifesto
576 601 692 646 ergo
708 588 842 633 vobis

128 644 346 697 veritate,
365 654 413 691 et
431 660 529 692 non
543 647 841 694 abscdndam

126 717 162 748 a
184 705 323 750 vobis
342 704 583 751 occultum
604 706 837 752 sermdne.

128 763 350 818 Quando
369 765 544 811 oribas
562 779 671 811 cum
693 764 843 823 lacry-

128 824 239 875 miS,
262 830 311 869 et
325 824 586 881 sepeliebas
607 824 835 877 mdrtuos,

128 890 180 927 et
204 882 569 940 derelinquebas
587 884 840 942 prdndium

128 951 287 993 tuum,
316 949 363 987 et
393 941 610 989 mdrtuos
643 944 843 989 abscon-

128 1001 287 1047 debas
327 1014 413 1059 per
451 1003 579 1048 diem
609 1003 661 1048 in
696 1005 844 1049 domo

129 1068 235 1112 tua,
292 1068 340 1106 et
390 1061 533 1107 11er
581 1063 842 1121 sepeliebas

128 1133 233 1171 eos,
261 1133 355 1178 ego
387 1120 538 1168 dbtuli
575 1122 840 1169 oratidnem

130 1189 272 1224 tuam
325 1180 548 1227 deino.
615 1183 678 1228 Et
728 1183 842 1240 quia

129 1238 365 1296 acceptus
385 1252 489 1285 eras
511 1241 630 1294 De0,
651 1243 841 1288 necesse

131 1298 222 1343 suit
244 1305 298 1343 ut
321 1298 517 1345 tentatio
537 1302 756 1360 probaret
774 1310 832 1348 te.

189 1355 267 1411 R7.
308 1359 539 1417 Egressus
566 1361 749 1407 Tobias
770 1362 840 1407 in-

130 1416 263 1463 venit
286 1417 506 1475 juvenem
535 1420 838 1478 splendidum

130 1484 344 1522 stantem
396 1479 735 1536 praecinctum,
792 1489 840 1526 et

131 1536 274 1594 quasi
315 1537 534 1594 paratum
571 1539 635 1584 ad
675 1541 843 1585 ambu-

131 1596 347 1648 Ιέιηάωῃ,
375 1604 421 1642 et
459 1597 676 1645 salutavit
712 1612 835 1651 eum,

131 1663 182 1701 et
220 1655 404 1701 dixin*
438 1655 583 1703 Unde
619 1664 667 1703 te
698 1657 845 1704 habe·

134 1728 246 1760 mus
266 1716 393 1760 bone
410 1714 631 1773 juvenis?
683 1714 744 1773 ἵ.
781 1717 844 1763 Et

134 1774 378 1833 igncirans,
405 1776 537 1831 quod
559 1776 655 1820 Dni
685 1776 846 1834 Ange-

132 1835 211 1878 lus
234 1840 371 1883 esset,
400 1834 623 1880 salutdvit
645 1848 769 1887 eum,
798 1843 844 1882 et

133 1892 501 1938 dixit.—Unde.

377 1983 541 2031 Lectio
567 1987 623 2033 iii.

290 2068 335 2113 T
354 2081 480 2114 nunc
500 2068 626 2114 misit
648 2082 725 2114 me
746 2069 847 2117 Βό-

318 2128 473 2174 minus
484 2136 536 2175 ut
549 2129 761 2175 curdrem
779 2138 838 2182 te,

134 2195 183 2233 et
221 2186 388 2232 Saxam
425 2188 621 2236 uxdrem
658 2188 741 2233 mii
775 2190 845 2235 tui

134 2246 433 2293 adaemdnio
446 2248 704 2294 liberatem.
736 2249 845 2307 Ego

136 2305 264 2351 enim
274 2320 379 2352 sum
402 2307 618 2365 thhael
631 2308 844 2365 Angelus

137 2378 264 2410 unus
293 2379 352 2411 ex
380 2375 577 2425 septem,
606 2368 688 2425 qui
719 2368 844 2413 asta-

137 2438 247 2469 mus
259 2433 369 2471 ante
387 2426 663 2473 deinum.
700 2426 843 2472 Cum-

137 2498 233 2541 que
253 2485 371 2530 haec
391 2487 647 2538 audissent,
668 2487 843 2533 turbati

138 2551 265 2595 sunt,
297 2552 344 2590 et
377 2546 630 2592 trementes
663 2545 844 2592 cecide-

137 2610 248 2648 runt
269 2613 593 2662 superterram
609 2605 657 2649 in
674 2604 843 2651 faciem

139 2677 291 2709 suam.
349 2664 578 2722 Dixitque
598 2664 667 2709 eis
685 2664 844 2721 Ange-

138 2723 246 2768 lus:
280 2723 378 2769 Pax
414 2725 561 2776 vobis,
604 2722 753 2768 nolite
788 2725 844 2769 ti-

139 2781 281 2829 mere.
339 2784 538 2828 Etenim
558 2796 670 2829 cum
690 2795 840 2828 essem

140 2843 400 2895 vobiscum,
434 2856 519 2900 per
550 2841 857 2891 voluntdtem.

141 2902 230 2949 Dei
265 2915 395 2949 eram
420 2915 431 2947 :
460 2902 615 2960 ipsum
652 2902 844 2949 benedi-

166 272 284 326 Die
307 289 381 342 24
402 274 534 342 Oc't'„
550 275 611 329 S.
634 274 939 345 Raphaelis
956 273 1323 345 Archangeli.
1363 275 1610 329 cclxxvii.

908 409 1009 461 cite,
1024 418 1073 456 et
1085 409 1277 455 cantate
1290 410 1368 455 illi.
1403 410 1614 456 Videbar

907 469 1103 526 quidem
1133 468 1383 515 vobiscum
1412 470 1613 515 mandu-

907 528 1025 580 cate,
1068 536 1117 574 et
1148 529 1350 575 bibere:
1393 529 1479 574 sed
1518 542 1611 586 ego

906 587 1013 633 cibo
1041 588 1272 640 invisibili,
1301 596 1348 634 et
1369 596 1502 645 potu,
1530 589 1612 645 qui

906 646 968 690 ab
1009 646 1286 693 hominibus
1326 647 1472 693 videri
1513 661 1611 692 non

906 713 1077 762 potest,
1110 714 1229 753 utor.
1293 708 1510 765 Tempus
1541 715 1611 752 est

905 778 1020 823 ergo
1057 774 1109 811 ut
1143 766 1346 812 revertar
1379 768 1444 812 ad
1479 780 1603 819 eum,

905 825 988 882 qui
1025 838 1103 870 me
1137 826 1295 871 misit:
1330 840 1416 872 vos
1449 835 1610 871 autem

905 884 1173 929 benedicite
1209 886 1379 937 Deum,
1422 894 1469 932 et
1505 899 1610 931 nar-

905 943 1008 988 rate
1038 942 1201 989 &mnia
1230 944 1463 989 mirabilia
1489 947 1604 1003 ejus.

908 1002 971 1047 Et
1006 1016 1117 1046 cum
1154 1003 1271 1049 haec
1305 1004 1514 1055 dixisset,
1547 1006 1611 1050 ab

906 1060 1107 1119 aspectu
1121 1061 1286 1107 ebrum
1307 1063 1498 1108 ablatus
1518 1071 1605 1116 est,

905 1128 952 1166 et
991 1121 1120 1166 ultra
1159 1135 1268 1166 eum
1316 1122 1473 1168 videre
1514 1135 1611 1168 non

905 1180 1178 1237 potuerunt.
1234 1181 1374 1226 Tunc
1386 1183 1610 1239 prostrasti

903 1252 990 1297 per
1024 1240 1168 1285 horas
1203 1248 1298 1286 tres
1330 1241 1376 1285 in
1419 1241 1601 1294 faciem,

902 1299 1245 1346 benedixerunt
1316 1300 1487 1351 Deum.
1564 1309 1611 1347 et

902 1359 1190 1418 exurgentes
1303 1360 1612 1408 narraverunt

902 1419 1069 1467 &mnia
1086 1419 1320 1465 mirabilia
1339 1421 1458 1477 eJus.

1020 1515 1029 1524 .
1065 1478 1312 1537 Ingressus
1320 1479 1612 1535 Angelusad

904 1538 981 1583 To
1015 1537 1125 1588 iam,
1162 1536 1384 1583 salutxivit
1414 1550 1538 1588 eum,
1564 1545 1613 1583 et

906 1597 1024 1641 dixit
1041 1596 1304 1641 :Gdudium
1314 1596 1373 1639 sit
1391 1596 1475 1640 tibi
1492 1608 1615 1640 sem-

906 1669 992 1713 per
1011 1655 1061 1702 θ’
1089 1655 1218 1701 Forti
1240 1655 1403 1701 Animo
1423 1662 1540 1707 esto,
1564 1655 1612 1700 in

907 1715 1128 1773 prdximo
1143 1715 1268 1760 enim
1284 1723 1369 1766 est,
1392 1721 1444 1760 ut
1461 1728 1491 1759 a
1507 1715 1616 1762 Deo

908 1774 1098 1820 cureris,
1139 1768 1202 1829 V.
1239 1775 1301 1819 Et
1321 1773 1616 1831 respdndens

908 1833 1105 1886 Tobias,
1146 1834 1214 1878 ait
1256 1848 1266 1878 ε
1304 1834 1457 1889 Quale
1496 1833 1614 1891 gdu-

910 1893 1042 1937 dium
1064 1893 1179 1937 mihi
1200 1893 1301 1945 erit,
1326 1895 1408 1951 qui
1423 1894 1471 1938 in
1485 1893 1614 1939 tene-

908 1952 1004 1996 bris
1040 1952 1196 2005 sedeo,
1222 1960 1270 1998 et
1301 1953 1460 1998 lumen
1492 1954 1612 1999 coeli

909 2024 1008 2057 non
1038 2011 1178 2057 video
1193 2012 1278 2057 ?-
1293 2013 1420 2059 Forti
1449 2013 1611 2059 Animo

908 2079 1024 2117 esto.
1077 2068 1246 2118 Glcsria
1279 2072 1420 2119 Patri.
1482 2073 1610 2119 Forti

905 2130 1070 2176 Animo
1088 2140 1202 2178 esto,

963 2222 1018 2266 In
1042 2220 1252 2271 secundo
1274 2219 1539 2271 Nocturna

959 2310 1079 2356 Asia.
1114 2309 1245 2354 Dixit
1273 2317 1434 2355 autem
1456 2308 1613 2366 Ange-

907 2367 981 2413 lus
1024 2381 1036 2414 :
1084 2368 1408 2427 Apprehende
1473 2367 1612 2413 bran-

906 2427 1065 2472 chiam
1086 2427 1244 2485 piscis,
1270 2435 1317 2474 et
1345 2426 1481 2473 trahe
1501 2440 1611 2472 eum

905 2494 1041 2531 extra
1065 2500 1231 2544 aquas.
1268 2484 1436 2531 Psalm.
1479 2485 1612 2532 Coeli

906 2546 1140 2592 endu-ant.
1166 2559 1267 2604 433.

961 2605 1081 2649 Afia.
1115 2605 1326 2651 Obsecro
1362 2611 1410 2648 te
1444 2603 1616 2651 Azaria

908 2665 1063 2717 frater.
1090 2671 1144 2709 ut
1171 2665 1304 2710 dicas
1322 2662 1453 2714 mihi,
1481 2666 1612 2719 quod

906 2724 1168 2771 remedium
1215 2723 1462 2769 habebunt
1503 2722 1606 2776 ista,

906 2797 1033 2842 quae
1063 2785 1126 2830 de
1154 2784 1285 2843 pisce
1313 2780 1500 2828 servare
1517 2782 1615 2840 jus-

907 2843 1022 2889 sisti.
1046 2840 1273 2887 Psalmus.
1305 2839 1502 2888 deini
1537 2852 1609 2889 est

908 2912 1044 2950 terra.
1070 2917 1172 2961 434.
