2050 3392
358 290 462 343 304
501 274 804 328 Dominica
829 273 1153 327 duodecima
1165 275 1300 342 post
1320 270 1689 323 Pentecosten.

356 412 488 467 quod
511 411 612 469 ipse
638 409 952 456 necessarium
980 408 1060 467 ge-

356 471 528 515 mitum
558 470 764 521 haberet,
799 470 879 526 qui
913 469 1060 513 dabat

355 530 488 587 quod
519 529 791 587 postulabat
814 542 823 573 ε
856 529 941 573 sed
972 542 1062 572 nos

355 590 419 634 ad
450 603 559 634 eum
585 588 785 646 gemere,
813 588 894 644 qui
926 588 1062 633 coelo

355 649 604 707 praesidet,
662 647 856 693 docuit:
910 655 963 692 ut
1014 656 1061 692 et

354 721 491 753 aures
527 715 717 753 nostrae
756 720 841 764 per
881 708 1061 752 donum

355 768 557 825 Spiritus
599 766 751 812 sancti
789 767 973 824 aperiri,
1015 776 1062 812 et

354 827 517 883 lingua
549 840 635 884 per
656 826 849 871 salivam
873 827 981 879 oris,
1012 826 1062 871 id

353 894 424 931 est
465 899 551 943 per
589 885 832 931 scientiam
874 887 1063 932 divinae

354 945 619 996 locutionis.
648 946 763 990 solvi
794 946 967 992 debeat
998 948 1063 992 ad

354 1006 499 1051 verba
518 1005 898 1064 praedicationis·

581 1095 747 1145 Lectio
769 1096 828 1144 ix,

502 1184 577 1229 UI
600 1198 727 1238 mox,
756 1184 1059 1243 Ephphetha,

528 1244 579 1288 id
598 1252 684 1296 est,
699 1243 974 1302 Adaperire,
994 1245 1066 1288 di-

525 1316 536 1348 :
579 1312 627 1348 et
666 1304 829 1348 statim
869 1303 1065 1361 apertae

353 1370 466 1407 sunt
487 1376 625 1408 aures
646 1364 761 1421 ejus.
784 1370 831 1408 et
853 1363 1062 1408 soltitum

353 1430 427 1467 est
447 1422 691 1468 vinculum
723 1423 913 1480 linguae
938 1424 1056 1481 ejus.

354 1482 466 1537 Qua
506 1482 554 1526 in
591 1495 641 1527 re
671 1482 939 1528 notendum
972 1491 1056 1535 est,

291 1540 298 1630 Ι
355 1541 468 1598 quia
487 1550 682 1601 propter
705 1542 893 1588 clausas
922 1556 1062 1588 aures

354 1601 538 1647 dictum
559 1608 643 1654 est,
666 1602 929 1660 adaperire.
966 1603 1061 1648 Sed

354 1662 429 1708 cui
471 1675 609 1709 aures
648 1662 807 1709 cordis
844 1664 909 1710 ad
949 1664 1062 1710 obe·

355 1721 585 1768 diendum
629 1722 823 1782 apertae
869 1723 1054 1774 flierint.

353 1795 411 1827 ex
424 1783 730 1840 subsequenti
744 1783 1062 1842 proculdt'ibio

354 1841 501 1887 etiam
529 1843 723 1900 linguae
744 1844 848 1901 ejus
867 1843 1060 1888 vinculfi

354 1902 551 1946 solvitur
570 1909 648 1946 :ut
664 1903 795 1947 bona
813 1917 939 1960 quae
960 1904 1062 1962 ipse

354 1960 528 2014 fecerit,
550 1960 697 2006 etiam
720 1962 939 2007 facienda
957 1964 1062 2009 aliis

354 2019 594 2076 loquatur.
664 2020 763 2066 Ubi
783 2022 905 2067 bene
926 2023 1062 2068 addi-

354 1301 478 1347 citur

356 2272 483 2316 quae
533 2259 776 2316 loquendo
835 2260 1064 2308 §.dmonet

357 2331 461 2363 esse
481 2318 713 2365 facienda.

415 2378 489 2424 Te
510 2379 668 2425 Deum
688 2379 957 2427 laudamus.
989 2396 1056 2439 17.

416 2441 490 2482 Ad
505 2437 926 2493 BenedictuS,Afla.
940 2441 1063 2486 Cum

357 2498 605 2545 transisset
629 2499 867 2545 Dominus
885 2500 911 2524 ⁴*
948 2501 1066 2546 fines

357 2559 485 2616 Tyri,
523 2560 696 2604 surdos
737 2559 849 2606 fecit
878 2560 1058 2613 audire,

357 2626 404 2663 et
427 2625 588 2664 mutos
608 2619 757 2676 loqui.

415 2677 492 2722 Ad
503 2677 924 2735 Magnificat‚Afia.
939 2680 1066 2725 Bene

358 2735 520 2781 omnia
559 2737 688 2788 fecit.
734 2738 760 2760 '⁶
808 2745 853 2783 et
896 2741 1067 2785 surdos

359 2793 470 2859 fecit
506 2796 686 2850 audire,
723 2804 769 2843 et
807 2806 968 2845 mutos
997 2799 1066 2845 lo-

358 2864 455 2907 qm.

401 3034 717 3042 *—

354 2086 431 2124 tur
458 2093 468 2124 z
507 2080 569 2124 Et
600 2079 885 2138 loquebatur
914 2082 1056 2128 recte.
1137 2107 1139 2112 ·

361 2139 445 2183 Ille
488 2139 617 2184 enim
659 2140 787 2185 recte
831 2141 1054 2199 loquitur,
1137 2143 1168 2186 4⁴

354 2199 435 2256 qui
454 2199 584 2256 prius
597 2200 869 2246 obediendo
885 2201 1057 2254 fecerit,
1149 2216 1171 2246 ,ε

1226 431 1577 480 DOMINICA
1620 431 1742 477 XII.

1243 495 1351 544 post
1378 486 1707 530 Pentecosten.

1387 563 1568 610 Oratio.

1261 646 1316 691 M
1334 645 1381 691 N
1400 645 1420 690 I
1440 646 1478 690 P
1491 643 1536 691 O
1550 644 1596 690 T
1613 644 1656 689 E
1670 644 1721 689 N
1737 644 1773 690 S
1793 652 1846 690 et

1290 705 1557 751 misericors
1591 705 1738 755 Deus.
1777 705 1848 749 de

1127 764 1474 871 ggffl-sbmfinere
1485 764 1687 870 genium
1706 763 1797 867 tilbi
1813 777 1848 808 a

1127 839 1347 931 dabillitgss
1368 832 1643 930 tsltlersvidltgurre:
1656 831 1850 930 εξῆῑῗιιιζ

1127 958 1418 1003 quaesumus
1455 944 1596 990 nobis
1629 958 1641 997 ;
1679 953 1739 990 ut
1777 946 1851 991 ad

1128 1005 1467 1063 promissiones
1497 1013 1607 1050 tuas
1635 1004 1741 1049 sine
1772 1006 1854 1051 of-

1129 1064 1342 1111 sensione
1385 1064 1645 1109 curremus.
1751 1064 1851 1111 Per

1130 1125 1410 1171 Dominum.

1131 1209 1297 1255 Lectio
1319 1209 1473 1255 sancti
1503 1207 1752 1267 Evangelii
1773 1223 1856 1256 se·

1260 1269 1475 1316 ct'indum
1498 1271 1698 1315 Lucam.

1191 1341 1355 1387 Lectio
1378 1341 1451 1387 vii.
1525 1347 1637 1405 Cap.
1664 1360 1708 1392 x.
1731 1346 1781 1392 d.

1235 1423 1282 1468 N
1305 1422 1388 1469 illo
1418 1422 1636 1480 tempore
1662 1437 1674 1468 τ
1706 1423 1848 1469 Dixit

1249 1484 1400 1553 Jesus
1431 1482 1680 1541 discipulis
1701 1483 1807 1529 suis
1832 1497 1844 1530 τ

1131 1541 1260 1588 Beati
1275 1543 1415 1596 oculi,
1437 1543 1519 1601 qui
1534 1543 1698 1588 vident
1710 1555 1848 1600 quae

1129 1616 1212 1647 vos
1223 1602 1406 1649 videtis.
1476 1604 1599 1648 Dico
1613 1602 1742 1647 enim
1756 1616 1849 1649 vo-

1126 1662 1213 1716 bis,
1240 1664 1374 1722 quod
1399 1662 1538 1709 multi
1568 1662 1849 1721 Prophetae

1127 1731 1176 1768 et
1209 1737 1346 1781 reges
1386 1722 1637 1769 voluerunt
1677 1724 1851 1770 videre

1127 1797 1252 1840 quae
1272 1797 1359 1828 vos
1380 1783 1563 1836 videtis,
1582 1791 1629 1829 et
1650 1797 1751 1829 non
1773 1784 1851 1831 vi-

1127 1843 1313 1889 derunt.
1382 1843 1444 1891 Et
1466 1843 1662 1901 reliqua.

1130 1903 1348 1949 Homilia
1371 1903 1652 1949 venei-§.bilis
1676 1903 1851 1951 Bedae

1342 1963 1623 2023 Presbyteri.

1127 2023 1231 2068 Lib.
1249 2037 1290 2079 3.
1303 2030 1402 2079 cap.
1417 2024 1529 2069 nliii.
1549 2024 1602 2068 in
1620 2023 1784 2068 Lucae
1795 2038 1846 2071 x.

1211 2137 1233 2157 ⁸
1398 2142 1852 2214 rumetPliarisaeb—

1262 2264 1308 2302 „„
1394 2216 1633 2308 {xxm
1644 2216 1853 2309 5333,ss

1129 2322 1305 2392 videre:
1332 2325 1418 2369 sed
1444 2323 1509 2368 illi
1537 2322 1666 2368 bedti
1693 2322 1845 2375 oculi,

1130 2383 1855 2500 233..⁶3;¹3..13’?.⁵5.¹2¹33.2‘25-33;

1129 2500 1304 2547 dicitur
1351 2515 1361 2547 :
1404 2501 1467 2546 Et
1517 2501 1735 2547 revelasti
1787 2516 1856 2548 ea

1131 2561 1352 2618 pervulis.
1421 2561 1555 2607 Beati
1586 2560 1714 2607 oculi
1737 2575 1855 2620 par-

1130 2620 1360 2671 vulorum,
1404 2621 1577 2678 quibus
1621 2628 1670 2666 et
1712 2635 1764 2666 se
1798 2630 1851 2668 et

1134 2681 1321 2725 Patrem
1356 2680 1503 2725 Filius
1533 2679 1742 2726 revelhse
1773 2682 1852 2727 di-

1129 2741 1317 2798 gnatur.
1353 2740 1600 2786 Abraham
1613 2740 1851 2788 exultfivit

1131 2808 1184 2845 ut
1203 2799 1383 2846 videret
1404 2801 1532 2846 diem
1556 2799 1730 2846 Christi
1759 2814 1771 2845 ε
1796 2811 1850 2847 et

1131 2859 1531 2918 vidit.etgavisus
1547 2867 1635 2905 est.
1689 2860 1852 2906 Isaias

1131 2933 1337 2980 quoque,
1383 2928 1431 2967 et
1484 2919 1746 2973 Michaeas.
1795 2931 1853 2968 et

2042 2078 2050 2134 11
