2050 3392
141 399 161 444 ·i
196 396 483 457 praecerdia
506 396 794 442 transverbe·
811 409 817 426 ⁷

141 468 299 511 item:
324 465 384 503 et
420 456 623 502 audierit
661 456 794 502 Chri-

141 533 205 563 im
221 518 342 564 data
355 517 549 564 dextera
558 516 793 564 dicentem

141 579 162 623 ,ἰ
179 593 190 622 2
211 577 457 635 Deinceps
470 585 521 636 ut
533 590 641 622 vera
654 590 795 634 spon-

149 651 316 683 meum
338 637 513 682 zelebis
542 635 787 682 honerem.

141 714 150 741 ›
224 696 520 747 consiliente,
589 695 794 740 mexime

141 758 283 802 iuum
316 765 481 801 votum
503 755 671 806 emisit,
698 754 794 799 effi-

141 816 233 861 endi
244 829 435 874 semper
442 815 677 873 quidquid
691 828 793 873 per-

141 877 250 922 ?tius
321 889 427 921 esse
493 874 786 932 intelligeret.

141 937 239 981 ulta
279 934 499 981 coelestis
533 934 794 992 sapientiae

145 995 372 1041 eumenta
380 993 677 1052 conscripsit,
690 994 793 1051 qui-

147 1071 168 1100 s
222 1055 437 1100 fidelium
497 1061 679 1102 mentes
730 1054 793 1098 ad

141 1114 314 1173 pernae
372 1113 567 1172 patriae
609 1113 794 1159 deside-

141 1189 200 1219 tm
222 1174 432 1220 mexime
450 1172 728 1219 excitentur.

142 1235 210 1288 ἵζ’.
242 1233 460 1279 Dilexisti
477 1233 722 1291 justitiam,
746 1241 793 1277 et

147 1294 225 1340 isti
261 1292 561 1351 iniquitatem
585 1289 639 1337 z*
681 1292 794 1338 Pro-

141 1355 245 1399 eroe
265 1354 399 1398 unxit
422 1360 469 1398 te
492 1352 634 1404 Deus,
658 1352 794 1398 Deus

141 1428 191 1459 ns
212 1413 322 1459 eleo
342 1411 561 1458 laetitiae.
593 1407 655 1466 Y.
680 1412 793 1458 Pro·

141 1486 187 1518 er
217 1471 475 1523 veritetem,
504 1480 550 1516 et
573 1485 793 1518 mansue-

141 1534 313 1583 dinem,
370 1540 418 1577 et
464 1531 712 1590 J‘ustitiam.
733 1556 793 1564 -

141 1593 356 1650 opterea.

323 1682 486 1729 Lectio
507 1683 565 1728 vi.
648 1691 653 1696 ·

236 1771 341 1816 UM
393 1778 554 1816 autem
600 1769 795 1816 assidua

260 1830 421 1876 ederet
457 1829 674 1888 exempla
706 1829 796 1874 vir-

143 1900 256 1941 tum.
273 1899 370 1936 tam
379 1888 794 1947 emtiooestigendi

146 1952 298 2009 rporis
337 1949 571 2018 desiderio
610 1949 797 1995 aestue-

143 2019 182 2061 .t,
210 2019 263 2056 ut
285 2023 500 2067 quamvls
522 2022 658 2053 secus
690 2022 797 2054 sua-

143 2078 253 2115 erent
285 2069 449 2120 morbi,
477 2069 651 2126 quibus
681 2068 798 2113 affli-

143 2130 320 2181 abetur,
377 2142 551 2187 corpus
613 2128 790 2178 ciIIciis,

144 2191 282 2240 tems.
304 2189 562 2234 urticarum
578 2187 797 2245 manipu-

143 2280 160 2300 .,
187 2250 386 2307 aliisque
415 2248 683 2306 asperrimis
713 2247 798 2292 fla-

143 2311 229 2355 'ellis
277 2322 420 2366 saepe
460 2307 701 2358 cruciaret,
750 2316 797 2351 et

143 2369 348 2427 iquatido
365 2369 484 2413 inter
496 2368 658 2426 spinas
668 2367 799 2412 volu-

145 2438 225 2479 ret,
253 2429 319 2474 sic
341 2429 497 2473 Deum
520 2427 699 2484 alloqui
722 2427 799 2472 so·

147 2504 177 2533 a
198 2504 209 2534 t
233 2488 438 2534 Domine
468 2495 552 2532 aut
572 2487 684 2544 pati,
713 2495 797 2530 aut

145 2550 212 2594 ori
234 2562 314 2594 :se
334 2560 519 2604 semper
538 2546 799 2591 miserrima

145 2618 244 2654 orte
262 2606 486 2666 peret'mte
506 2606 792 2657 existimans,

143 2669 323 2714 iemdiu
334 2681 365 2713 a
376 2667 567 2713 coelesti
579 2665 799 2712 aeternae

143 2727 558 2775 taefonteabesset.
592 2725 799 2783 Prophe-

143 2803 188 2835 ιε
204 2789 337 2834 dono
347 2786 575 2843 excelluit.
586 2784 798 2844 *eemque

144 2848 268 2894 ,vinIs
301 2845 664 2893 charit-»metibus
698 2853 798 2890 tam

143 2907 347 2965 λᾶι-411181·
356 2904 683 2964 locupletabat
700 2905 799 2952 De·

293 262 408 315 Die
430 263 505 328 '15
527 259 678 327 .Oc‘l.,'
694 262 754 314 S.
794 261 1060 329 Teresiae,
1091 261 1140 314 V
1133 261 1360 331 irgim‘s.

1460 273 1561 328 473

859 396 1028 447 minus.
1036 404 1088 442 ut
1098 396 1286 455 saepius
1294 395 1564 441 exclemans

859 457 1050 515 peteret,
1064 456 1308 502 beneflciis
1324 457 1368 500 in
1385 470 1436 501 se
1449 457 1564 500 divi-

858 517 932 562 nis
943 517 1147 561 modum
1161 515 1352 574 imperii,
1369 524 1562 561 nectam

859 576 996 620 celeri
1038 575 1274 621 oblividne
1314 576 1562 635 culparum

860 635 1052 680 suatum
1068 635 1344 681 memeriam
1366 636 1558 681 aboleri.

862 695 1147 756 Intolerebili
1211 696 1354 754 igitur
1416 695 1562 740 divini

858 754 1037 800 ameris
1101 755 1319 800 incendio
1383 756 1543 814 petius

858 827 1002 871 quam
1024 815 1068 859 vi
1090 815 1254 866 morbi,
1281 816 1434 860 Albae
1453 829 1562 860 cum

859 873 1173 925 decumberet,
1233 875 1564 933 praenuntiato

860 946 973 978 suae
1015 934 1181 979 mortis
1220 934 1310 986 die,
1345 935 1565 980 ecclesiia)-

859 993 986 1037 sticis
1018 993 1324 1039 sacramentis
1361 994 1558 1044 munita,

858 1052 1079 1098 alumnos
1113 1052 1177 1097 ad
1207 1065 1388 1111 pacem,
1417 1053 1567 1098 chari-

858 1112 1006 1157 tatem
1037 1120 1084 1157 et
1113 1112 1374 1170 regulerem
1408 1113 1567 1158 obser-

858 1171 1065 1217 vantiam
1085 1172 1353 1224 adhortata,
1378 1173 1467 1218 sub
1488 1187 1567 1217 co-

858 1231 1048 1277 lumbae
1079 1232 1235 1290 specie
1264 1233 1565 1291 purissimam

857 1291 1068 1336 Animam
1101 1293 1207 1337 Deo
1229 1292 1445 1344 reddidit,
1484 1306 1567 1337 an-

863 1365 947 1397 nos
966 1360 1081 1397 nata
1102 1352 1347 1410 sexaginta
1364 1360 1559 1410 septem,

857 1424 986 1456 anno
1017 1412 1267 1457 millesimo
1289 1412 1567 1469 quingente·

858 1472 980 1516 simo
1011 1471 1308 1529 octogesimo
1333 1471 1560 1521 secundo.

862 1531 1025 1576 Idibus
1047 1531 1284 1581 Getebris,
1309 1533 1442 1589 juxta
1467 1531 1569 1574 Ka-

859 1590 1054 1635 lenderii
1099 1589 1302 1634 Romeni
1344 1589 1569 1634 emende-

859 1649 1051 1696 tienem.
1092 1650 1149 1693 Ei
1167 1648 1382 1693 morienti
1402 1649 1569 1694 adesse

859 1711 986 1755 visus
1021 1716 1094 1755 est
1131 1710 1249 1753 inter
1274 1707 1567 1766 Angelerum

859 1769 1056 1827 egmina
1076 1768 1295 1813 Christus
1328 1768 1462 1828 lesus
1489 1782 1499 1813 ε
1522 1775 1568 1812 et

860 1830 1003 1874 arbor
1021 1828 1157 1875 erida
1178 1828 1324 1873 cellae
1355 1826 1571 1885 prexima

861 1889 1021 1935 statim
1041 1887 1259 1933 effloruit.
1326 1888 1444 1945 Ejus
1468 1901 1569 1933 cor-

862 1962 952 2006 pus
973 1962 1126 2006 usque
1140 1948 1204 1993 ad
1221 1948 1344 1993 hanc
1360 1948 1486 1992 diem
1502 1948 1569 1992 in-

861 2008 1151 2067 corruptum,
1167 2007 1370 2055 odorato
1387 2007 1570 2065 liquere

862 2067 1211 2120 circumfusum,
1258 2068 1339 2126 pia
1379 2081 1570 2112 venera-

862 2127 990 2174 tidne
1005 2128 1188 2174 celitur.
1217 2128 1460 2173 Mirdculis
1476 2127 1570 2172 cla-

862 2188 954 2232 ruit
989 2196 1102 2232 ante
1125 2197 1172 2233 et
1208 2195 1318 2246 post
1349 2187 1533 2233 ebitum
1559 2202 1567 2230 :

861 2247 1065 2305 eemque
1122 2248 1381 2305 Gregdrius
1446 2247 1570 2292 deci—

864 2308 1164 2364 musquintus
1200 2308 1248 2351 in
1285 2305 1568 2353 Sanfflsum

863 2365 1112 2411 nnmerum
1135 2367 1304 2411 retulit.

923 2427 991 2468 R<
1032 2426 1301 2471 Afferentur
1331 2424 1448 2482 Regi
1483 2423 1571 2468 vir-

862 2486 998 2543 gines
1036 2494 1144 2544 post
1180 2498 1300 2535 eam,
1328 2484 1572 2542 preximae

863 2546 976 2602 ejus,
1003 2538 1031 2564 ⁸*
1084 2545 1355 2589 Afferentur
1397 2543 1481 2588 tibi
1523 2543 1571 2587 in

864 2604 1042 2650 laetitia
1076 2612 1122 2648 et
1156 2602 1457 2648 exultatione.
1497 2596 1559 2654 5²⁷.

865 2664 1034 2722 Specie
1046 2672 1142 2715 tua,
1161 2671 1208 2709 et
1222 2661 1571 2721 pulchritudine

865 2733 950 2769 tua
977 2723 1182 2773 intende.
1210 2722 1435 2781 prespere
1463 2735 1572 2782 pro-

865 2784 993 2836 cede,
1010 2791 1060 2829 et
1080 2781 1572 2841 regna.—Afferentur

867 2844 965 2889 tibi.
1002 2842 1168 2890 Cleria
1191 2842 1331 2889 Patri.
1359 2841 1572 2888 Afferen-

865 2912 940 2950 tur
959 2903 1058 2950 tibi.
