2050 3392
349 259 465 313 Die
487 275 556 330 13
581 261 753 329 Nou,
775 263 834 317 S.
863 262 1101 319 Nicolai
1120 266 1186 334 l.,
1212 267 1278 321 P.
1312 265 1370 322 C.
1444 266 1613 323 ccxci.

120 402 332 451 quartus
367 395 633 443 Dieconum
656 397 842 443 creaive·
905 413 1014 445 nem
1059 400 1214 447 Photii
1256 401 1363 447 laici
1405 401 1611 448 hominis

120 455 233 507 rint,
258 455 839 503 Benedie‘tusdemumter-
904 461 1186 517 reprobAvit,
1213 469 1259 507 et
1285 462 1610 509 Patriercham

122 514 238 566 tius,
259 516 362 572 ejus
384 516 582 562 consilio
605 526 650 562 et
668 518 833 571 duem,
907 519 1148 577 Ignatium
1184 522 1231 565 iu
1264 523 1511 579 pr1'stinam
1540 536 1612 568 se-

121 574 401 620 universam
417 577 678 622 Ecclesiam
688 578 839 622 admi·
903 581 1012 624 dem
1065 581 1288 627 restituit.
1368 582 1610 627 Ecclesiae

123 633 416 681 nistreverit.

903 640 1096 685 demum
1130 640 1378 687 Romenae
1404 642 1513 699 jura
1543 643 1609 687 ita

195 700 272 744 PC.
293 696 455 741 Inveni
477 695 632 741 David
651 710 836 742 servum
869 693 872 718 ¹
903 699 1127 751 defendit,
1155 707 1209 745 ut
1238 700 1454 758 singulae
1483 701 1609 747 illius

121 747 304 806 meum,
354 755 461 801 oleo
511 755 679 801 saneto
728 770 836 802 meo

119 815 240 858 unxi
270 828 380 859 eum
405 829 414 859 ε
450 812 474 834 '⁹
503 816 680 860 Manus
708 816 835 860 enim

120 887 235 917 mea
277 873 580 919 auxiliabitur
621 874 679 919 ei.
767 867 831 929 XV,

121 932 261 977 Nihil
290 933 509 990 prosisiet
537 933 757 979 inimicus
786 933 834 979 in

117 1005 196 1044 eo,
226 999 275 1037 et
306 993 433 1038 silius
454 993 714 1050 iniquitatis
737 1006 834 1040 non

117 1051 317 1098 nocebit
338 1053 653 1099 ei.-ManuS.

303 1291 367 1335 ab
399 1305 458 1335 eo
490 1291 694 1348 scriptae
730 1292 831 1349 epi-

117 1349 289 1401 stolae,
327 1351 377 1395 in
412 1351 584 1408 quibus
618 1351 829 1398 errentes

117 1410 336 1461 correxit,
371 1411 599 1468 superbos
639 1411 829 1470 depres-

116 1470 192 1521 sit,
260 1470 515 1527 oppressos
582 1471 821 1518 recreavit.

117 1529 401 1587 Epsscopos,
439 1543 585 1587 reges,
628 1532 829 1588 impera·

117 1589 247 1634 tores
292 1590 341 1633 in
376 1589 534 1633 offlcio
575 1590 822 1635 continuit.

109 1647 318 1718 Joennis
346 1647 636 1693 Ravennatis
649 1648 828 1692 ·Archi·

116 1708 334 1813 {psiscopi
357 1708 657 1811 conturlrzisscia
666 1708 826 1812 gegit.

195 1780 442 1812 ncmarum
587 1780 662 1811 em
726 1781 826 1813 sem

117 1826 560 1884 Archiepiscopum,
580 1829 640 1872 de
655 1826 826 1885 injusta

120 1886 353 1932 Rhotaldi
372 1886 598 1944 Episcopi
613 1887 826 1932 Suessio-

117 1946 297 1991 niensis
328 1945 627 2003 depositione
657 1946 827 1992 acriter

117 2005 438 2064 reprehendit,
464 2007 566 2064 ejus
588 2020 646 2050 ea
671 2007 732 2051 de
753 2020 817 2059 re,

117 2080 209 2112 nec
249 2080 346 2112 non
384 2067 555 2125 synodi
598 2066 824 2124 Sylvane-

117 2127 293 2172 elensis
309 2127 539 2184 judicium
554 2126 820 2183 abrogevin

118 2196 221 2233 tum
242 2187 371 2244 apud
387 2186 601 2231 saan
615 2187 821 2231 Mariam

119 2247 352 2306 Majorem
373 2247 420 2290 in
442 2246 686 2303 pervigilio
723 2246 821 2290 Na-

119 2306 311 2352 tivitatis
375 2304 654 2350 Dominicae
711 2305 820 2349 mis-

118 2364 277 2411 satum
330 2364 557 2409 solemnia
606 2364 812 2422 explens,

121 2424 410 2483 Episcopum
428 2425 580 2480 ipsum
593 2424 820 2481 pristinae

120 2483 353 2542 dignitati,
412 2492 458 2528 et
511 2483 653 2541 paulo
709 2490 820 2541 post

118 2558 233 2590 suae
272 2542 374 2588 sedi
414 2542 553 2599 plene
599 2542 814 2589 restituit.

121 2602 399 2650 Lotherium
434 2615 607 2659 regem,
635 2604 716 2659 qui
749 2617 820 2648 re-

113 2664 241 2725 jecta
255 2662 466 2720 legitima
480 2661 626 2707 uxore
640 2663 820 2707 'I‘heut-

118 2724 273 2782 berga,
306 2720 618 2767 waldradam
647 2735 820 2766 concu-

116 2785 277 2830 binam
326 2781 537 2832 duxerat,
586 2781 819 2826 intentato

901 757 1132 814 epistolae
1145 761 1279 818 quasi
1296 761 1497 806 tetidem
1515 760 1607 805 for-

902 818 1085 862 tissima
1133 820 1259 864 sedis
1315 820 1606 877 apostelicae

901 876 1196 922 munimenta
1215 892 1316 924 esse
1337 879 1599 927 videamur.

961 928 1037 989 Εἴ.
1064 936 1203 982 Pesui
1225 939 1511 996 adjuterium
1528 953 1604 985 su-

899 1009 985 1053 per
1020 996 1280 1053 potentem,
1318 1005 1364 1044 et
1400 998 1601 1044 exaltAvi

898 1054 1104 1100 eleetum
1141 1057 1202 1100 de
1238 1056 1377 1114 plebe
1411 1071 1551 1103 mea:
1574 1048 1606 1078 ‘²¹'

899 1115 1077 1160 Manus
1092 1115 1218 1160 enim
1231 1130 1340 1161 mea
1360 1117 1603 1163 auxiliebi·

898 1183 974 1219 tur
1013 1176 1072 1220 ei.
1140 1165 1201 1225 JV·
1245 1175 1405 1221 Inveni
1444 1176 1600 1223 David

894 1248 1081 1281 servum
1102 1248 1275 1288 meum,
1303 1235 1410 1282 oleo
1431 1236 1600 1282 saneto

896 1308 1005 1341 meo
1047 1296 1160 1341 unxi
1206 1310 1405 1344 eum.—-
1422 1297 1600 1344 Manus

893 1357 1020 1400 enim
1043 1369 1163 1403 mea.

1126 1437 1289 1486 Letffio
1313 1442 1369 1485 vi.

1046 1530 1151 1575 UM
1175 1529 1299 1576 illius
1318 1531 1444 1577 zelus
1475 1531 1599 1578 intra

1073 1597 1185 1634 tunc
1280 1590 1598 1648 praescriptos

894 1646 1135 1693 Ecclesiae
1193 1648 1308 1694 fines
1367 1649 1596 1695 contineri

891 1721 987 1752 non
1020 1717 1197 1766 posset,
1235 1712 1297 1755 ad
1333 1711 1598 1756 conversi&-

891 1781 1002 1813 nem
1053 1768 1312 1814 infidelium
1363 1769 1595 1827 applicuit

890 1827 1118 1880 animum,
1155 1828 1372 1887 fecitque,
1407 1837 1460 1874 ut
1494 1843 1596 1875 am-

890 1887 1104 1945 plissima
1126 1887 1436 1945 Bulgarerum
1458 1902 1588 1947 gens,

889 1961 1044 2051 3321?
1047 1949 1596 2061 ”Qnizgrzficissssss

889 2066 1149 2120 Romanae,
1192 2068 1436 2114 frendente
1484 2069 1592 2116 licet

887 2128 1172 2184 imperatere
1185 2127 1487 2174 schismatico
1497 2164 1506 2179 ,
1515 2143 1594 2174 ac-

884 2186 1088 2232 cesserit.
1154 2188 1363 2245 Operam
1400 2202 1594 2245 quoque

885 2259 1019 2291 suam
1050 2247 1243 2304 privetis
1271 2247 1461 2305 pietatis
1489 2248 1593 2292 offi-

883 2306 968 2350 ciis
1000 2306 1171 2352 sedulo
1208 2306 1408 2352 navavit.
1464 2306 1593 2352 Hinc

884 2366 1124 2424 descripta
1144 2366 1359 2411 emnium
1381 2366 1594 2423 indigen-

885 2425 1592 2483 tiumnominaapudsehabere

884 2485 1044 2536 voluit,
1096 2492 1148 2530 ut
1207 2485 1407 2542 singulis
1454 2498 1592 2531 accu-

884 2544 1031 2589 ratius
1068 2543 1367 2589 succurreret.
1437 2544 1594 2601 Repa-

883 2604 1046 2649 rendis
1076 2603 1233 2653 etiam,
1271 2603 1594 2661 ornandisque

883 2663 1087 2708 basilicis
1129 2663 1289 2715 Urbis,
1336 2663 1592 2720 praecipue

887 2722 1193 2768 Lateranensi
1304 2722 1591 2780 patriarchio

883 2782 1123 2828 liberalem
1139 2796 1334 2828 manum
1347 2782 1585 2839 apposuit,

117 2843 430 2894 anathemate,
471 2842 534 2886 ad
583 2839 818 2886 sanierem
880 2850 926 2886 et
959 2843 1099 2887 nullis
1127 2841 1397 2900 sumptibus
1424 2842 1590 2899 peper-

117 2912 323 2951 mentem
364 2900 563 2947 reduxit.
612 2899 818 2947 Electus·
882 2901 960 2947 cit.
1030 2902 1157 2948 Inito
1190 2904 1385 2947 demum
1413 2900 1601 2947 decimo
