2050 3392
430 282 730 338 Commune
758 282 806 338 C
801 282 1096 354 onfissom‘s
1119 283 1425 354 Pontgficis.

200 416 377 461 noster,
392 408 530 466 quiin
539 420 745 453 &carne
760 421 906 466 quam

198 468 537 526 assumpserat,
563 467 680 513 abiit
714 468 763 513 in
801 481 908 513 coe-

199 530 304 574 lum
319 530 341 574 ?
380 528 545 573 Carnis
596 528 723 573 enim
773 528 906 573 locus

200 588 424 647 proprius
466 596 589 633 terra
628 595 736 633 est:
784 601 907 645 quae

199 649 341 708 quasi
354 649 416 693 ad
431 647 679 705 peregriua
700 647 901 699 ducitur,

201 711 322 754 dum
382 721 467 765 per
535 707 905 765 Redemptorem

200 776 419 814 nostrum
426 768 476 812 in
485 769 619 812 coelo
627 766 899 813 collocatur.

201 829 303 874 Sed
319 828 465 873 homo
486 828 573 872 iste
586 826 782 885 peregre
799 840 908 885 pro-

202 888 430 941 ficiscens,
467 888 609 933 servis
640 888 736 933 suis
778 888 907 933 bona

200 962 294 994 sua
323 947 531 1001 tradidit,
559 948 671 1005 quia
692 946 909 992 fidelibus

200 1009 302 1054 suis
342 1007 605 1065 spiritualia
635 1009 765 1052 dona
794 1020 908 1052 con-

202 1068 359 1114 cessit.
427 1067 490 1112 Et
549 1067 631 1112 uni
746 1066 906 1111 uidem

202 1128 416 1186 quinque
445 1126 639 1179 talenta,
676 1125 755 1172 alii
790 1128 901 1179 duo,

201 1187 285 1233 alii
323 1200 432 1232 vero
473 1186 708 1232 commisit
739 1199 900 1231 unum.

202 1247 431 1304 Quinque
460 1246 634 1292 etenim
669 1254 779 1292 sunt
807 1245 909 1292 cor·

201 1307 336 1366 poris
385 1319 563 1360 sensus,
624 1306 840 1352 videlicet
895 1320 905 1351 ε

201 1367 345 1419 visus,
366 1366 571 1419 auditus,
590 1373 771 1424 gustus,
792 1366 910 1411 odo-

200 1427 350 1479 ratus,
378 1434 425 1472 et
448 1425 616 1471 tactus.
683 1426 908 1483 Quinque

202 1500 323 1544 ergo
344 1486 545 1539 talentis,
566 1487 746 1531 donum
774 1486 911 1544 quin-

202 1560 301 1606 que
330 1545 567 1598 sensuum,
594 1546 644 1590 id
673 1554 758 1598 est,
784 1552 912 1590 exte-

202 1606 385 1652 riorum
398 1604 595 1651 scientia
616 1605 903 1663 exprimitur.

204 1665 413 1714 Duobus
432 1678 556 1719 vero,
579 1664 844 1711 intellectus
865 1672 911 1710 et

204 1725 424 1785 operatio
445 1724 733 1783 designatur.
793 1724 913 1769 Uni-

205 1801 264 1832 us
307 1794 469 1831 autem
503 1784 666 1831 talenti
701 1784 906 1837 nomine,

203 1845 473 1892 intellectus
487 1844 823 1891 tantummodo
832 1845 914 1890 de-

203 1906 243 1953 si
285 1905 435 1952 natur.

327 1993 340 2009 .
411 1965 516 2010 Sint
566 1964 714 2010 lumbi
770 1964 910 2010 vestri

205 2023 481 2084 praecincti,
515 2032 563 2070 et
592 2021 811 2070 lucernae
840 2039 915 2069 ar-

207 2086 378 2132 dentes
391 2084 440 2129 in
453 2083 673 2129 mauibus
686 2085 870 2129 vestris:
887 2074 915 2101 ⁴‘

208 2145 275 2190 Et
308 2158 391 2189 vos
422 2143 597 2189 similes
639 2144 914 2190 hominibus

207 2202 577 2262 expectantibus
658 2204 913 2250 dominum

206 2277 365 2316 suum,
388 2264 584 2321 quando
606 2263 867 2309 revertatur
887 2278 917 2310 a

207 2323 403 2380 nuptiis.
440 2314 500 2376 V
538 2323 748 2381 Vigilate
781 2338 910 2382 ergo,

208 2384 327 2443 quia
339 2382 526 2428 nescitis
543 2397 640 2441 qua
652 2384 772 2429 hora
781 2383 919 2428 Diius

209 2451 366 2489 vester
432 2442 656 2489 venturus
708 2444 915 2489 sit.—Et

209 2517 299 2549 vos
321 2501 511 2548 similes.
583 2497 747 2549 Gloria
771 2502 913 2564 Patri.

211 2564 277 2609 Et
300 2576 386 2607 vos
401 2562 591 2609 similes.
622 2553 913 2602 Βθῐὶθὼὸὶιο.

209 2623 295 2670 Ad
310 2622 603 2671 societatem.

442 2703 606 2754 Lectio
637 2705 697 2754 ix.

1553 284 1678 339 lxxi.

976 408 1091 465 quia
1110 415 1220 454 sunt
1242 405 1471 461 nonnulli,
1491 408 1571 465 qui
1594 407 1681 454 etsi

974 468 1161 513 interna
1173 482 1232 513 ac
1248 468 1450 526 mystica
1465 467 1683 526 penetra-

975 541 1025 572 re
1057 527 1284 580 nesciunt,
1312 540 1400 585 pro
1421 527 1682 573 intentione

977 595 1137 632 tamen
1154 587 1385 645 supernae
1400 587 1583 645 patriae
1597 587 1684 632 do-

976 655 1084 692 cent
1126 647 1256 692 recsta
1297 661 1418 705 quos
1460 653 1675 705 possunt,

976 708 1038 752 de
1062 708 1176 765 ipsis
1206 707 1528 760 exteriotibus,
1559 720 1683 765 quae

975 767 1274 824 acceperunt,
1301 766 1502 825 duplum
1534 767 1683 812 talen-

976 834 1079 872 tum
1110 834 1304 884 portant
1333 842 1343 872 ε
1385 829 1600 885 dumque
1630 840 1682 872 se

976 901 1006 932 a
1046 887 1200 932 carnis
1249 887 1526 944 petulentia,
1563 894 1611 932 et
1652 900 1684 933 a

976 946 1267 993 terrenitrum
1288 960 1444 992 rerum
1475 947 1674 999 ambitu,

977 1014 1124 1065 atque
1144 1021 1174 1051 a
1189 1007 1440 1057 visibilium
1463 1006 1681 1064 volupta-

979 1075 1028 1112 te
1044 1067 1331 1118 custodiunt,
1357 1067 1422 1110 ab
1439 1066 1512 1111 his
1533 1066 1678 1111 etiam

978 1127 1097 1172 alios
1133 1126 1444 1172 admonendo
1486 1125 1680 1182 compe-

979 1193 1130 1232 scunt.
1180 1187 1243 1231 Et
1291 1193 1400 1231 sunt
1442 1185 1672 1238 nonnulli,

979 1247 1060 1304 qui
1092 1247 1226 1304 quasi
1261 1246 1451 1292 duobus
1488 1244 1679 1291 talentis

978 1306 1132 1359 ditati,
1186 1305 1479 1352 intelled‘mm
1530 1313 1678 1363 atque

979 1366 1308 1425 operationem
1388 1365 1672 1423 percipiunt,

979 1426 1170 1472 subtilia
1201 1427 1263 1471 de
1293 1425 1486 1472 internis
1510 1425 1681 1470 intelli-

978 1492 1111 1543 gunt,
1138 1486 1262 1531 mira
1300 1486 1349 1530 in
1371 1485 1682 1530 exterioribus

980 1545 1250 1603 operantur.
1351 1545 1571 1602 Cumque
1632 1551 1680 1589 et

980 1605 1291 1662 intelligendo
1342 1611 1389 1649 et
1434 1603 1683 1661 operando

980 1665 1084 1711 aliis
1167 1664 1462 1722 praedicant,
1547 1664 1685 1722 quasi

980 1725 1278 1782 duplicatum
1308 1726 1370 1768 de
1400 1723 1597 1783 negotio
1617 1725 1688 1770 lu-

981 1799 1114 1830 crum
1137 1784 1395 1842 reportant.

1041 1845 1114 1891 Te
1131 1844 1288 1889 Deum
1305 1843 1569 1891 laudemus.
1601 1858 1662 1903 17.

1167 1939 1244 1976 AD
1277 1939 1492 1977 LAUDES

1071 2006 1117 2047 et
1139 2012 1224 2060 per
1246 1997 1421 2057 HoraS,
1443 1997 1592 2048 Asiae.

1047 2099 1084 2130 1.
1144 2085 1269 2130 Ecce
1319 2084 1542 2131 sacerdos
1591 2098 1694 2131 ma-

984 2157 1121 2201 gnus,
1138 2136 1164 2161 '¹'
1181 2145 1263 2202 qui
1305 2145 1354 2189 in
1385 2145 1553 2192 diebus
1593 2146 1691 2191 suis

987 2204 1167 2261 plecuit
1185 2205 1305 2259 Deo,
1327 2212 1375 2251 et
1388 2205 1605 2250 inventus
1619 2213 1689 2251 est

981 2265 1151 2322 JustuS.
1220 2255 1390 2302 Psalm-
1454 2264 1692 2310 Dominus

986 2324 1213 2381 regnam,
1239 2329 1347 2361 cum
1371 2313 1575 2375 reliquis,
1605 2326 1671 2368 18.

1046 2398 1088 2429 2.
1127 2384 1242 2428 Non
1263 2389 1334 2428 est
1349 2381 1564 2428 inventus
1583 2375 1607 2395 ⁴‘
1632 2382 1692 2427 si-

987 2443 1112 2492 milis
1153 2444 1232 2496 illi,
1274 2443 1356 2500 qui
1398 2440 1693 2488 conserv‘Aret

988 2503 1142 2560 legem
1167 2502 1365 2548 Excelsi.

1049 2576 1090 2619 3.
1123 2562 1239 2606 Ideo
1250 2560 1558 2619 jurejurAndo
1579 2552 1603 2573 ⁴*
1628 2561 1694 2606 fe-

988 2621 1053 2666 cit
1075 2622 1207 2665 illum
1232 2620 1467 2667 Dominus
1488 2618 1693 2666 crescere

989 2681 1037 2725 in
1060 2682 1248 2738 plebem
1269 2694 1419 2726 suam.

1048 2754 1091 2796 4.
1125 2739 1410 2785 Sacerdotes
1439 2739 1544 2792 Dei,
1570 2728 1597 2752 ⁴‘
1619 2741 1696 2786 be-

212 2792 445 2914 ΗΕΒ
474 2802 514 2848 is
536 2837 546 2855 ,
595 2801 674 2859 qui
713 2801 925 2858 quinque
988 2800 1194 2845 nedicite
1231 2799 1491 2845 Dominum
1534 2813 1544 2845 z
1579 2801 1696 2845 servi

380 2862 562 2907 talenta
651 2861 917 2917 acceperat,
992 2859 1202 2912 Domini,
1270 2860 1502 2917 hymnum
1554 2860 1697 2905 dicite

207 2921 310 2969 alia
329 2921 543 2981 quinque
575 2919 783 2967 lucratus
815 2925 920 2967 est:

991 2919 1112 2976 Deo,
1138 2918 1342 2966 alleluia.
