2050 3392
400 300 428 353 χΙ
438 285 508 339 86
612 284 780 354 Infra
799 283 984 338 Hebd.
1014 283 1244 337 tertiam
1266 281 1644 352 Septembrt'S.-·

389 419 655 478 praecepta
685 426 779 472 tua,
806 427 854 464 et
882 431 980 464 non
1003 430 1105 463 am—

399 480 664 535 bulzivimus
685 478 924 524 sinceriter
943 492 1105 523 coram

392 547 461 585 te.
521 540 582 583 Et
616 553 755 589 nunc,
785 539 905 588 Diie,
941 537 1106 582 secun-

401 600 515 643 dum
546 598 836 644 voluntatem
870 605 1001 641 tuam
1032 598 1106 642 sac

396 672 600 707 mecum,
623 665 669 701 et
688 658 908 714 praecipe
924 657 971 699 in
989 670 1107 713 pace

399 718 542 773 recipi
563 716 779 785 spiritum
803 729 960 759 meum
986 730 996 760 :
1027 716 1107 760 έκ-

400 778 533 834 pedit
542 777 668 820 enim
677 775 791 819 mihi
801 775 919 820 mori
933 776 1100 832 magis,

395 849 544 927 quam
568 835 733 880 vivere.

398 887 526 944 R?-
559 895 774 953 Tempus
794 902 880 939 est.
902 897 1000 952 184.

491 1055 692 1100 FERIA
722 1055 1004 1112 QUARTA

392 1126 611 1184 Quatuor
630 1124 799 1188 Temp.
828 1123 1093 1189 Septembr.

400 1208 570 1254 Lecstio
591 1210 742 1255 saneti
772 1208 1014 1266 Evangelii
1037 1222 1107 1253 se-

518 1268 729 1314 ci'mdum
744 1270 982 1314 Marcum.

402 1325 405 1326 ⁷
423 1347 592 1395 Leetio
611 1348 643 1395 i.
809 1353 921 1411 Cap.
948 1353 1008 1400 ix.
1034 1368 1071 1399 c.

507 1430 554 1474 N
606 1431 687 1475 illo
733 1430 971 1488 tempore:
1016 1430 1107 1490 Re-

535 1489 776 1547 spdndens
848 1503 972 1534 unus
1044 1491 1106 1534 de

398 1549 552 1601 turba,
575 1549 692 1594 dixit
713 1550 774 1594 ad
823 1562 974 1593 esum:
1000 1549 1107 1593 Ma-

399 1608 558 1665 giSter,
593 1609 729 1654 attuli
767 1609 917 1653 flium
947 1622 1106 1653 meum

399 1668 462 1712 ad
505 1675 553 1713 te
593 1668 847 1715 habentem
889 1668 1106 1726 spiritum

401 1736 602 1774 mutum.
646 1729 708 1774 Et
730 1729 923 1786 reliqua.

402 1787 618 1833 Homilia
645 1789 920 1834 venerabilis
947 1789 1106 1834 Bedae

610 1848 884 1905 Presbyteri.

450 1906 596 1950 Libro
616 1921 655 1964 3.
724 1909 834 1965 Cap.
863 1907 1048 1953 xxxviii.

589 1967 643 2010 in
666 1967 824 2012 Marc.
846 1967 906 2012 ix.

573 2025 1104 2083 AEMONIACUM

484 2081 560 2126 '··›
623 2091 626 2146 j
664 2087 801 2137 hunc,
840 2100 982 2143 quem
1024 2087 1107 2130 de-

409 2158 433 2192 ’·,
480 2156 568 2194 „i
609 2155 625 2197 ,·’
663 2146 1106 2191 scendensdemon-

408 2221 460 2246 μ,
481 2194 624 2246 4&
666 2214 711 2250 te
741 2206 876 2250 Dfius
904 2205 1099 2257 sandvin

400 2265 594 2309 Marcus
651 2265 843 2322 quidem
907 2265 1103 2310 surdum

398 2323 691 2381 mutumque,
709 2325 986 2369 Matthaeus
994 2338 1105 2369 vero

396 2383 1105 2429 lunaticumfuissecommemo·

397 2450 484 2490 rat.
527 2443 773 2500 Significat
808 2451 969 2488 autem
1005 2457 1099 2496 eos,

397 2503 459 2548 de
501 2503 671 2559 quibus
714 2503 943 2560 scriptum
995 2510 1067 2547 est
1096 2517 1105 2546 :

397 2562 578 2607 Stultus
619 2570 672 2607 ut
724 2563 837 2606 luna
877 2562 1101 2607 mutatur.

396 2621 491 2675 Qui
543 2635 787 2679 nunquam
837 2622 886 2665 in
935 2621 1107 2666 eddem

396 2688 526 2725 statu
583 2680 928 2738 permanentes,
980 2693 1106 2724 nunc

399 2739 463 2781 ad
491 2739 620 2790 haec,
648 2754 775 2785 nunc
798 2741 860 2785 ad
894 2740 973 2784 illa
993 2740 1108 2784 vitia

400 2795 584 2846 mutati,
605 2807 822 2844 crescunt
848 2806 995 2856 atque
1025 2800 1106 2843 de-

398 2850 627 2903 crescunt.

397 2921 496 2954 non
507 2911 778 2959 confitendo
789 2915 952 2962 fidem:
962 2917 1108 2970 surdi,

1170 415 1256 462 nec
1277 416 1432 475 ipsum
1445 414 1756 473 aliquatenus
1771 418 1881 464 veri-

1169 477 1281 522 tatis
1312 475 1552 521 audiendo
1590 478 1875 523 sermdnem.

1169 538 1404 593 Spumant
1425 542 1599 587 autem,
1626 550 1742 581 cum
1774 537 1880 582 stul-

1170 596 1274 641 titia
1308 595 1570 640 tabescunt.
1614 596 1880 642 Stultdrum

1169 669 1388 712 namque,
1434 662 1480 699 et
1530 655 1874 713 languentium,

1168 724 1313 773 atque
1330 714 1551 759 hebetum
1574 724 1661 765 est,
1686 729 1879 773 spumas

1168 774 1421 819 salivitrum
1440 788 1498 818 ex
1518 788 1600 819 ore
1620 775 1873 820 dimittere.

1169 834 1381 879 Strident
1400 833 1635 885 dentibus,
1659 849 1775 879 cum
1796 836 1879 879 ira-

1170 894 1370 939 cundiae
1438 893 1595 939 furdre
1664 894 1879 940 flamme-

1170 962 1310 999 scunt
1331 952 1596 1005 arescunt,
1632 967 1748 999 cum
1781 954 1877 1000 ‹stio

1171 1014 1389 1070 torpente
1437 1012 1779 1071 languescunt,
1835 1021 1878 1057 et

1171 1074 1300 1118 nulla
1317 1071 1502 1118 virtutis
1518 1072 1758 1118 industria
1771 1086 1880 1118 con·

1169 1132 1331 1178 fortati
1352 1131 1581 1177 enerviter
1605 1133 1789 1179 vivunt.

1223 1183 1297 1244 R7·
1329 1192 1684 1238 Tribulatidnes
1718 1191 1880 1237 civit&-

1171 1259 1272 1297 tum
1282 1250 1560 1303 audivimus,
1574 1265 1696 1309 quas
1710 1266 1880 1310 passae

1170 1320 1292 1365 sunt,
1312 1318 1359 1356 et
1377 1310 1655 1356 defecimus:
1674 1312 1820 1357 timor
1834 1319 1878 1355 et

1169 1370 1413 1416 hebetudo
1428 1372 1601 1421 mentis
1614 1370 1790 1416 cecidit
1807 1385 1876 1415 su-

1170 1445 1255 1489 per
1288 1445 1390 1482 nos,
1431 1437 1480 1475 et
1520 1444 1669 1489 super
1705 1431 1879 1476 liberos

1171 1498 1376 1536 nostros.
1394 1490 1483 1547 ipsi
1501 1498 1689 1535 montes
1712 1491 1878 1535 nolunt

1169 1551 1375 1607 recipere
1395 1549 1562 1607 fugam
1584 1558 1835 1595 nostram:

1171 1610 1389 1662 deine,
1405 1608 1638 1654 miserere.
1683 1597 1745 1658 V·
1767 1610 1879 1653 Pec-

1169 1669 1379 1716 ezivimus
1411 1683 1521 1714 cum
1554 1669 1772 1728 patribus
1797 1682 1879 1714 no·

1169 1730 1289 1781 stris,
1308 1728 1480 1787 injuste
1491 1729 1692 1787 egimus,
1711 1728 1877 1786 iniqui-

1169 1790 1317 1835 tatem
1337 1789 1846 1836 fecimuS.—D6mine.

1406 1868 1572 1920 Led‘tio
1587 1871 1632 1917 ii.

1306 1965 1452 2011 UOD
1483 1974 1645 2011 autem
1673 1964 1780 2012 ait:
1815 1965 1880 2010 Et

1332 2025 1428 2070 dixi
1452 2026 1695 2087 discipulis
1716 2026 1812 2071 tuis
1826 2031 1876 2069 ut

1168 2083 1389 2142 ejicerent
1410 2085 1555 2137 illum,
1582 2094 1629 2130 et
1661 2098 1758 2130 non
1789 2097 1879 2142 po·

1170 2143 1381 2189 tuernnt:
1399 2144 1602 2189 latenter
1616 2145 1878 2202 Apdstolos

1169 2204 1373 2254 accusat,
1393 2218 1502 2248 cum
1520 2204 1878 2262 impossibilitas

1168 2263 1379 2316 curitndi,
1407 2263 1646 2309 interdum
1677 2277 1777 2308 non
1811 2263 1877 2307 ad

1169 2323 1537 2369 imbecillitatem
1591 2323 1872 2373 carentium.

1169 2385 1253 2428 sed
1274 2385 1338 2428 ad
1363 2383 1542 2435 ebrum,
1571 2384 1652 2441 qui
1680 2382 1878 2427 curfindi

1170 2442 1444 2494 sunt,fidem
1460 2443 1702 2494 referatur,
1716 2441 1879 2487 dicen·

1172 2509 1216 2546 te
1234 2501 1371 2547 Diio:
1394 2502 1498 2547 Fiat
1515 2503 1601 2547 tibi
1614 2499 1877 2547 secundum

1169 2561 1314 2605 fidem
1345 2569 1493 2607 tuam.
1556 2562 1653 2617 Qui
1682 2560 1879 2617 respdn-

1170 2621 1288 2665 dens
1308 2621 1389 2672 eis,
1404 2621 1548 2665 dixit:
1573 2620 1617 2666 O
1632 2618 1877 2678 generatio

1171 2679 1425 2732 incredula,
1467 2680 1698 2736 qudmdiu
1741 2678 1879 2736 apud

1171 2752 1254 2783 vos
1282 2741 1393 2784 ero?
1418 2739 1650 2797 qudmdiu
1675 2751 1760 2784 vos
1786 2736 1882 2794 ρά-

1170 2798 1281 2842 tiar?
1297 2798 1412 2843 Non
1419 2800 1553 2856 quod
1568 2798 1723 2843 taedio
1734 2809 1881 2854 supe-

675 2857 770 2909 Qui
818 2858 935 2902 muti
977 2864 1101 2908 sunt,
1164 2856 1375 2908 ratussit,
1383 2855 1877 2906 mansuetusacmitis.

1170 2917 1253 2975 qui
1272 2929 1370 2962 non
1383 2917 1569 2976 aperuit
1588 2917 1708 2963 sicut
1717 2927 1882 2973 agnus
