2050 3392
376 273 482 326 204
576 258 743 330 Infra
777 257 952 311 Hebd.
979 256 1239 327 quintam
1276 253 1631 326 Septembris.

373 395 418 441 ei
453 401 615 453 partes
649 407 774 445 suas,
813 400 861 438 et
897 400 1082 450 septem
1146 390 1279 449 regni
1308 391 1356 436 in
1386 390 1542 449 cepite
1570 390 1689 449 ejus.
1728 390 1877 437 fecit-

375 455 558 514 puellas
598 452 969 522 speciosissimas
1020 453 1082 496 de

375 515 525 559 domo
545 514 684 571 regis,
706 520 754 557 et
776 520 875 557 tam
908 512 1076 569 ipsam,

375 587 522 632 quam
543 572 853 631 pedissequas
874 572 976 628 ejus
1007 585 1083 615 or-

374 633 509 678 naret
595 639 739 688 atque
829 630 1077 675 excdleret.

375 692 515 748 Quae
529 690 682 736 n61uit
698 689 906 735 indicare
934 690 974 733 ei
997 689 1083 747 ρό-

412 752 541 795 ulum
577 758 625 795 et
660 750 865 818 patriam
905 762 1081 793 suam:

374 765 733 856 {iardochaeus
782 810 908 854 enim
950 822 1084 866 prae—

374 870 570 927 ceperat
610 870 666 921 ei,
709 877 761 914 ut
797 871 862 913 de
900 870 994 915 hac
1034 881 1084 913 re

376 930 574 975 omnino
605 929 856 974 reticeret:
890 929 970 986 qui
1002 928 1084 973 de·
1155 966 1156 973 ,

375 989 654 1034 ambulabat
709 988 923 1045 quotidie
971 995 1084 1032 ante
1154 984 1156 997 '

376 1049 659 1094 vestibulum
690 1047 875 1098 domus,
909 1048 957 1091 in
988 1061 1085 1103 qua

377 1107 557 1152 electae
596 1106 801 1164 virgines
835 1107 1085 1152 servaban-

378 1173 468 1217 tur,
515 1180 678 1211 curam
732 1179 879 1223 agens
920 1164 1084 1210 salutis

379 1224 566 1271 Esther.

435 1291 507 1348 R7,
528 1283 758 1338 Coni'drta
767 1298 844 1329 me
855 1285 970 1329 Rex.
979 1298 1079 1330 201.

596 1380 762 1428 Lectio
784 1381 848 1429 iii.

521 1459 844 1506 'VOLUTO
923 1468 1084 1505 autem

375 1464 535 1624 Q
555 1520 770 1577 tempore
791 1532 875 1576 per
899 1518 1079 1572 (smine,

536 1587 585 1624 at
626 1580 740 1630 dies,
779 1591 876 1636 quo
913 1579 1086 1650 Esther

376 1638 477 1684 sssia
517 1639 710 1683 Abihail
754 1635 943 1683 fratris*
956 1639 1087 1683 Mar-

376 1700 594 1752 dochaei,
652 1713 798 1757 quam
853 1699 942 1745 sibi
1001 1700 1086 1745 ad-

375 1759 657 1816 optaverat
646 1774 693 1804 in
710 1760 871 1811 filiam,
891 1759 1085 1805 deberet

376 1818 551 1864 intrate
592 1821 657 1864 ad
697 1832 872 1876 regem.
948 1819 1085 1874 Quae

374 1891 475 1922 non
526 1878 755 1935 quaesivit
806 1876 1084 1923 muliebrem

376 1938 571 1990 cultum,
619 1938 704 1981 sed
755 1936 1084 1994 quaecumque

375 1996 522 2041 vdluit
545 1997 703 2054 Egens
731 1995 976 2040 eunuchus
1005 2011 1084 2041 cu-

376 2064 477 2100 stos
512 2056 760 2114 virginum,
791 2055 909 2100 haec
945 2056 987 2100 ei
1019 2058 1083 2100 ad

375 2115 597 2160 ornatum
620 2116 767 2161 dedit.
824 2115 939 2160 Erat
956 2117 1083 2161 enim

373 2174 586 2221 sormdsa
616 2176 766 2227 valde,
804 2183 852 2220 et
884 2175 1084 2220 incredi-

374 2235 457 2281 bili
479 2235 839 2293 pulchritudine.
868 2235 1082 2281 bmnium

373 2294 524 2341 dculis
554 2296 766 2353 gratidsa
791 2304 837 2340 et
865 2296 1084 2341 amabilis

374 2355 638 2402 videbatur.
706 2354 865 2400 Ducfta
896 2363 968 2401 est
996 2355 1085 2400 ita·

374 2429 469 2474 que
521 2417 585 2462 ad
635 2415 905 2461 cubiculum
958 2415 1082 2472 regis

374 2476 567 2522 Assueri
590 2489 752 2521 mense
773 2475 971 2526 decime,
1000 2474 1081 2532 qui

374 2536 570 2581 vocatur
620 2535 822 2587 Tebeth,
879 2534 1083 2591 septimo

373 2607 504 2640 anno
525 2595 658 2653 regni
689 2596 804 2653 ejuS.
877 2594 940 2639 Et
967 2595 1083 2639 ada-

377 2654 524 2700 mavit
551 2669 658 2700 eam
686 2668 768 2699 rex
796 2654 903 2712 plus
936 2666 1080 2710 quam

375 2725 545 2759 omnes
565 2714 797 2766 mulieres,
819 2714 1083 2770 habuitque

374 2771 579 2827 gratiam
622 2781 669 2818 et
710 2773 1082 2818 miseriem-diam

378 2842 542 2873 coram
562 2844 620 2875 eo
641 2845 783 2888 super
798 2846 966 2877 omnes
981 2846 1083 2876 mu·

382 2886 555 2942 lieres;
591 2898 638 2935 et
670 2891 828 2947 pdsuit
860 2892 1085 2938 diadema

1146 465 1240 509 que
1277 464 1385 519 eam
1421 450 1619 509 regnare
1657 451 1708 496 in
1755 452 1877 497 loco

1147 510 1448 628 valghgpem
1469 570 1517 614 in
1539 570 1703 616 alium.
1728 584 1840 617 201.

1411 666 1590 675 0——

1257 730 1458 775 FERIA
1478 731 1752 777 TERTIA.
1799 729 1806 736 ’

1286 790 1361 835 Dc
1382 790 1503 834 libro
1525 791 1715 836 Esther.

1147 863 1312 912 Leffio
1334 864 1364 912 i.
1651 867 1768 924 Cap.
1795 866 1863 912 iii.

1208 949 1227 952 “’
1250 940 1524 1002 1108'1·
1583 941 1706 986 haec
1779 956 1868 987 rex

1154 1008 1156 1049 ἔ
1241 979 1372 1094 ’ξς
1410 1001 1645 1046 Αεειιέτιιε
1681 1002 1868 1046 exalta-

1166 1072 1177 1112 ’,.
1221 1020 1360 1121 k)
1371 1096 1373 1105 ,
1410 1061 1477 1105 vit
1507 1061 1668 1105 Aman
1704 1060 1863 1106 filiurn

1153 1130 1155 1139 ·
1304 1126 1318 1155 ‹'
1332 1094 1375 1164 ὶῖ
1410 1120 1686 1172 Amadathi,
1776 1121 1862 1177 qui

1148 1150 1248 1224 erat
1289 1182 1350 1224 de
1392 1180 1539 1237 stirpe
1578 1180 1723 1248 Agag
1765 1192 1775 1223 ε
1814 1187 1864 1224 et

1148 1240 1307 1297 pdsuit
1353 1239 1526 1284 sdlium
1567 1239 1669 1296 ejus
1711 1252 1860 1297 super

1148 1299 1573 1356 omnesprincipes,
1581 1298 1862 1355 quoshabe-

1149 1360 1245 1404 bat.
1294 1357 1562 1416 Cunctique
1578 1359 1696 1402 servi
1714 1359 1855 1415 regis,

1149 1419 1230 1476 qui
1251 1419 1301 1462 in
1321 1418 1502 1463 sci-ibus
1523 1417 1687 1475 palatii
1704 1431 1861 1462 versa-

1149 1478 1334 1529 bantur.
1380 1476 1639 1522 flectebant
1678 1477 1854 1535 genua.

1149 1545 1198 1582 et
1237 1537 1506 1582 adorabant
1541 1537 1703 1581 Aman
1741 1550 1752 1581 :
1787 1538 1859 1582 sic

1149 1597 1274 1642 enim
1316 1596 1621 1654 praeceperat
1661 1596 1732 1640 eis
1773 1596 1861 1641 im-

1150 1656 1354 1716 perator.
1459 1656 1599 1702 Solus
1663 1656 1861 1702 Mardo-

1150 1718 1326 1762 chaeus
1347 1730 1443 1761 non
1464 1715 1688 1761 flectebat
1709 1730 1852 1774 genu,

1150 1776 1860 1904 ‘sffiffffisseffiffl

1151 1897 1273 1942 fores
1295 1896 1456 1954 palatii
1480 1895 1819 1953 praeS1debant
1846 1909 1858 1941 :

1150 1956 1248 2000 Cur
1287 1963 1474 2013 praeter
1504 1962 1719 1999 caeteros
1759 1968 1859 2000 non

1149 2015 1370 2061 observas
1391 2014 1673 2059 mandatum
1694 2015 1825 2073 regis
1838 2015 1860 2060 ?

1143 2098 1151 2103 ·
1209 2080 1279 2139 RJ.
1309 2075 1574 2120 Memento.
1601 2087 1705 2119 202.

1383 2162 1548 2210 Ledtio
1571 2162 1615 2211 ii.

1155 2236 1346 2400 ᾳὶ]
1359 2236 1412 2281 Μ
1424 2236 1470 2291 Q
1481 2237 1527 2281 U
1540 2236 1583 2281 E
1623 2236 1719 2281 hoc
1762 2234 1861 2282 cre·

1325 2296 1454 2341 brius
1466 2296 1691 2347 dicerent.
1714 2304 1765 2341 et
1781 2297 1859 2342 ille

1148 2368 1179 2399 n

1180 2368 1211 2399 ο
1247 2363 1293 2400 et
1314 2356 1491 2407 audire,
1518 2356 1858 2402 nuntiaverunt

1146 2416 1318 2467 Aman,
1404 2416 1522 2462 scire
1609 2416 1858 2474 cupientes

1147 2483 1305 2519 utrum
1328 2474 1653 2559 ’perseveraret
1683 2476 1732 2519 in
1752 2488 1859 2520 sen·

1148 2535 1339 2579 tentia:
1360 2536 1544 2580 dixerat
1568 2536 1695 2579 enim
1719 2535 1787 2579 eis
1807 2548 1860 2580 se

1147 2593 1515 2656 esseJudaeum.
1581 2594 1730 2648 Quod
1747 2607 1857 2639 cum

1148 2653 1356 2698 audisset
1388 2654 1560 2705 Aman,
1593 2661 1644 2699 et
1677 2653 1855 2711 experi-

1147 2712 1309 2757 mento
1319 2713 1564 2770 probasset
1578 2714 1711 2769 quod
1727 2713 1859 2757 Mar·

1147 2772 1390 2818 dochaeus
1410 2785 1507 2817 non
1527 2771 1739 2816 flecteret
1766 2772 1857 2816 sibi

1147 2845 1287 2889 genu.
1313 2846 1402 2878 nec
1424 2845 1474 2876 se
1495 2831 1733 2881 ador-Aret.
1768 2831 1858 2875 ira·

1149 2900 1224 2937 tus
1244 2899 1316 2937 est
1336 2892 1487 2943 valde,
1514 2899 1563 2937 et
1589 2904 1679 2949 pro
1702 2889 1857 2935 nihilo
