2050 3392
269 247 389 299 Die
411 261 483 316 29
507 247 678 315 Nou,
716 245 926 315 thgilia
954 245 1028 299 S?
1041 243 1097 296 A
1105 243 1322 312 ndreae,
1349 245 1404 297 A
1401 249 1548 314 post.
1583 255 1644 310 57
1654 257 1679 309 5

185 382 453 441 querentur
475 381 737 427 Deminum
751 382 774 426 ’τ’
802 381 909 425 Ma-

185 442 268 500 gis
300 443 401 499 ipse
429 441 636 486 ostendit
663 440 908 498 discipulis

187 499 909 626 {iabssii‘znssssqffffiffrffm-

191 619 563 676 quamAgnum.
594 619 654 662 Et
669 617 907 672 llle:Qu1d

191 691 275 723 me
328 677 607 723 attenditis?
651 677 758 734 Ego
812 690 908 720 non

194 751 306 782 sum
332 737 516 794 Agnus.
583 736 709 780 Ecce
740 736 908 792 Agnus

195 797 305 841 Dei.
364 796 439 840 De
476 808 574 853 quo
610 802 658 840 et
693 794 908 852 superius

195 855 417 900 dixerat:
446 854 572 898 Ecce
599 854 643 898 A
714 867 767 897 us
797 854 902 897 Dei.

193 915 259 959 Et
268 913 387 970 quid
397 913 533 957 nobis
543 926 629 970 pro
663 912 909 969 estAgnus

195 972 327 1018 Dei?
361 972 502 1024 Ecce,
548 972 627 1024 ait,
666 972 748 1029 qui
790 972 908 1017 tollit

195 1031 452 1090 peceatum
502 1031 684 1075 mundi.
750 1030 906 1076 Securi

196 1098 310 1136 sunt
331 1089 478 1140 illum,
496 1089 589 1134 hoc
610 1088 791 1142 audito,
810 1091 908 1134 duo

197 1151 279 1208 qui
301 1155 436 1195 erant
457 1161 567 1194 cum
580 1147 784 1212 Joanne.

263 1206 586 1265 Responsoria
607 1208 667 1255 de
681 1206 816 1257 Feria
830 1221 909 1257 oc-

205 1279 432 1314 ellfl‘Csste.

440 1344 606 1393 Lectio
624 1346 668 1391 ii.

363 1414 384 1458 1
404 1414 450 1458 D
472 1414 513 1457 E
527 1413 571 1457 A
590 1413 644 1458 M
665 1412 711 1458 U
731 1413 765 1458 S
835 1427 907 1459 se-

374 1472 584 1530 quentia.
609 1473 907 1530 EcceAgnus

201 1530 306 1575 Dei.
385 1531 498 1576 Hoc
542 1531 770 1594 Joannes.
845 1532 906 1576 Et

201 1589 455 1635 audierunt
490 1604 601 1635 eum
637 1591 734 1635 duo
770 1590 907 1635 disci-

201 1648 300 1708 puli
340 1649 627 1708 loquentem,
672 1657 720 1694 et
759 1649 907 1695 secuti

202 1717 311 1754 sunt
325 1710 509 1772 Jesum.
562 1710 678 1755 Non
693 1710 760 1755 sic
777 1710 905 1754 illum

202 1770 535 1826 sequebamur,
562 1770 699 1827 quasi
725 1769 825 1826 jam
854 1778 906 1814 ut

202 1828 496 1873 inhaererent
518 1828 580 1872 illi
604 1841 742 1873 :nam
760 1828 908 1873 mani-

201 1887 372 1932 festum
405 1896 490 1939 est,
517 1888 712 1946 quando
741 1887 803 1932 illi
839 1888 907 1932 in-

200 1946 466 1999 haeserunt,
488 1947 601 2005 quia
621 1948 681 1992 de
702 1947 807 1991 navi
824 1960 907 1991 eos

199 2006 400 2051 vocavit.
469 2006 524 2051 In
546 2006 619 2052 his
639 2007 764 2051 enim
789 2006 908 2052 duo-

199 2065 290 2109 bus
346 2072 447 2125 erat
506 2065 735 2117 Andreas,
786 2065 906 2111 sicut

199 2124 348 2169 modo
399 2124 612 2169 audistis.
690 2123 907 2169 Andreas

199 2192 358 2228 autem
380 2183 522 2227 frater
544 2184 665 2228 Petri
687 2191 801 2230 erat.
844 2184 904 2228 Et

200 2241 418 2287 novimus
433 2242 480 2285 in
499 2242 757 2300 Evangelio
774 2244 905 2300 quod

201 2300 394 2346 Petrum
426 2309 474 2345 et
501 2302 742 2346 Andream
767 2302 905 2347 Dr‘ius

198 2361 260 2406 de
300 2361 409 2405 navi
451 2360 648 2413 vocavit,
696 2362 855 2405 dicens
894 2375 903 2405 :

197 2419 370 2465 Venite
397 2428 506 2477 post
543 2432 633 2471 me,
659 2427 706 2465 et
734 2419 905 2465 faciam

197 2492 282 2524 vos
332 2478 589 2535 piscatores
640 2478 900 2524 heminum.

196 2539 260 2583 Et
280 2552 339 2583 ex
369 2538 449 2583 illo
475 2539 576 2595 ¹iam
606 2538 904 2584 inhaeserunt

195 2598 277 2651 illi,
303 2604 358 2643 ut
378 2611 477 2642 non
498 2597 782 2642 recederent.

432 2668 597 2720 Led'tio
613 2673 674 2716 ἰῐῑ.

353 2744 496 2791 ODO
504 2758 619 2802 ergo
632 2744 763 2802 quod
775 2744 904 2789 illum

382 2803 647 2861 sequuntur
677 2803 751 2849 isti
789 2804 900 2853 duo,

191 2875 293 2909 non
345 2864 483 2921 quasi
514 2875 632 2922 bnon
681 2862 905 2909 recessuri

973 382 1247 437 sequuntur,
1284 381 1369 425 sed
1409 380 1568 425 videre
1602 394 1682 425 vo-

973 440 1158 484 luerunt
1209 440 1291 484 ubi
1342 439 1590 491 habitaret,
1636 448 1681 484 et

896 514 920 551 ι,
972 498 1126 542 facere
1146 499 1277 555 quod
1313 499 1542 556 scriptum
1572 508 1644 544 est
1671 513 1680 542 ε

975 557 1144 600 Limen
1165 556 1396 603 ostierum
1426 558 1528 615 ejus
1558 558 1684 603 exte-

972 624 1045 660 rat
1067 629 1149 673 pes
1166 624 1300 662 tuus:
1316 631 1456 674 surge
1470 618 1536 662 ad
1551 618 1682 662 illum

973 675 1131 719 venire
1169 676 1373 729 assidue,
1413 685 1462 721 et
1497 676 1682 722 erudIre

972 734 1236 792 praeceptis
1280 736 1395 793 ejus.
1461 735 1683 781 Ostendit

972 792 1041 836 eis
1064 792 1138 837 ille
1166 794 1247 838 ubi
1275 795 1486 840 maneret
1513 810 1524 841 ε
1547 796 1684 840 vene-

972 859 1083 896 runt
1118 859 1165 897 et
1205 852 1392 898 fuerunt
1433 868 1542 899 cum
1583 854 1675 900 illo.

973 910 1133 964 Quam
1154 911 1347 956 beatum
1380 912 1505 957 diem
1538 913 1684 958 duxe-

971 977 1096 1022 runt,
1110 983 1256 1027 quam
1269 970 1457 1015 beatam
1471 972 1681 1016 noetem!

972 1028 1094 1083 Quis
1124 1037 1216 1082 ests
1246 1030 1327 1086 qui
1358 1031 1496 1075 nobis
1536 1031 1678 1082 dicat,

972 1101 1098 1143 quae
1131 1088 1366 1133 audierint
1408 1089 1472 1133 ini
1512 1103 1542 1134 a
1584 1089 1684 1134 Do-

973 1147 1139 1192 mino?
1156 1146 1468 1192 AEdificemus
1497 1155 1545 1194 et
1575 1161 1685 1193 nos-
1771 1192 1777 1199 ,

973 1206 1161 1263 metipsi
1191 1206 1240 1250 in
1270 1207 1412 1251 corde
1433 1215 1610 1259 nostro,
1635 1216 1684 1253 et

971 1265 1202 1310 faciamus
1231 1266 1443 1318 domum,
1479 1280 1576 1324 quo
1608 1267 1684 1312 ve-

971 1324 1073 1370 niat
1103 1324 1192 1377 ille,
1218 1332 1265 1371 et
1296 1324 1466 1370 doceat
1497 1339 1599 1380 nos,
1635 1335 1682 1371 et

972 1383 1269 1442 colloquatur
1288 1384 1440 1431 nobiS.

1034 1444 1111 1488 Ad
1135 1442 1339 1493 Laudes,
1365 1450 1417 1488 ut
1440 1444 1487 1488 in
1513 1442 1689 1488 Psalte-

974 1504 1073 1555 rio„
1134 1504 1194 1547 Et
1247 1505 1468 1547 dicuntur
1521 1504 1687 1547 Preces

975 1563 1158 1607 feriales
1201 1562 1332 1606 flexis
1372 1563 1587 1619 genibus,
1632 1569 1687 1607 ut

975 1635 1135 1679 supra.
1157 1621 1229 1678 63.

1231 1679 1413 1726 Oratio.

1110 1737 1397 1784 UAESUM
1414 1739 1498 1785 US
1529 1739 1681 1785 omni-

1135 1806 1306 1856 potens
1328 1799 1473 1851 Deus,
1500 1807 1552 1844 ut
1573 1799 1682 1844 bea-

973 1865 1051 1901 tus
1118 1858 1336 1903 Andreas
1401 1857 1677 1916 Apestolus,

972 1917 1107 1974 cuius
1147 1917 1475 1974 praevenimus
1511 1917 1682 1962 festivi-

972 1975 1132 2029 tatem,
1160 1984 1293 2021 tuum
1319 1990 1407 2034 pro
1437 1978 1575 2022 nobis
1597 1978 1682 2022 im-

970 2035 1122 2092 ploret
1134 2035 1362 2080 auxilium
1378 2049 1388 2080 τ
1401 2043 1453 2081 ut
1467 2050 1497 2081 a
1509 2038 1682 2081 nostris

970 2094 1178 2140 reatibus
1203 2093 1422 2148 absoluti,
1447 2109 1479 2141 a
1499 2094 1681 2141 cunetis

971 2153 1113 2198 etiam
1174 2154 1393 2212 persculis
1442 2154 1675 2200 eruamur.

974 2213 1061 2257 Per
1083 2212 1358 2259 Dominum.

1036 2272 1220 2317 Deinde
1246 2284 1333 2330 pro
1364 2270 1681 2319 Commemor.

976 2333 1021 2376 8.
1047 2333 1299 2385 Saturnini,
1324 2333 1445 2382 Afia.
1460 2331 1557 2387 Qui
1577 2333 1679 2378 odit

968 2389 1177 2435 animam
1206 2404 1342 2436 suam
1364 2390 1411 2435 in
1431 2390 1524 2435 hoc
1545 2404 1682 2436 mun-

970 2451 1049 2499 do,
1074 2450 1123 2494 in
1153 2450 1299 2495 vitam
1329 2450 1569 2496 aeternam
1600 2463 1681 2495 cu-

970 2507 1114 2553 stodit
1135 2522 1257 2555 eam.

1035 2565 1135 2669 §ViJ
1139 2576 1274 2613 ustus
1293 2576 1345 2613 ut
1367 2568 1528 2626 palma
1543 2568 1680 2613 flore-

970 2627 1052 2671 bit.
1103 2631 1160 2680 χῖ.
1173 2626 1304 2673 Sicut
1319 2629 1488 2673 cedrus
1507 2627 1678 2672 Libani

972 2684 1370 2742 multiplicabitur.

1036 2742 1217 2787 Oratio.
1256 2744 1402 2796 Deus,
1447 2746 1529 2803 qui
1570 2758 1672 2799 nos,

975 2809 1031 2846 ut
1052 2815 1210 2858 supra.
1227 2815 1329 2861 574.
