2050 3392
327 386 332 389 ·
354 370 610 430 capitibus
644 368 824 415 ebrum
868 362 1079 410 cordnae

370 432 558 479 aureae.
608 429 669 474 Et
690 430 751 473 de
772 427 946 471 throno
970 436 1080 481 pro-

373 490 607 537 cedebant
629 488 827 544 fulgura,
850 492 897 530 et
919 496 1073 534 voces,

368 559 421 599 .et
458 550 663 596 tonitrua
683 560 692 591 :
708 554 754 590 et
769 553 950 602 septem
965 542 1082 587 lam-

373 612 527 669 pades
562 605 780 653 ardentes
810 611 922 648 ante
952 602 1083 647 thro-

370 683 504 719 num,
538 667 619 724 qui
651 672 760 711 sunt
783 670 963 721 septem
987 660 1084 718 spi-

373 730 492 774 ritus
509 726 615 770 Dei.
673 725 735 769 Et
753 724 800 767 in
821 720 1084 779 conspeetu

370 787 503 833 sedis
547 794 794 841 tamquam
842 795 974 830 mare
1016 779 1084 824 vi-

370 856 530 902 treum
561 844 711 892 simile
747 840 967 900 crystallo
992 854 1001 884 ε
1034 840 1082 884 in

375 906 537 953 medio
569 905 708 956 sedis,
735 911 783 948 et
813 902 862 946 in
888 898 1083 945 circuitu

378 966 518 1018 sedis,
533 964 740 1023 quatuor
752 959 975 1007 animalia
986 958 1085 1017 ple-

373 1040 443 1083 ‚na
462 1026 613 1073 &culis
633 1031 743 1069 ante
763 1030 812 1067 et
831 1028 970 1065 retro.
1022 1018 1085 1061 Et

378 1086 556 1132 animal
567 1085 770 1142 primum
781 1076 1079 1128 simileledni,

371 1154 425 1191 et
456 1144 716 1191 secundum
739 1139 914 1186 animal
935 1137 1087 1183 simile

377 1205 541 1255 vitulo,
589 1211 636 1248 et
676 1201 868 1247 tertium
910 1196 1088 1243 animal

378 1264 561 1308 habens
588 1261 758 1307 faciem
779 1258 914 1317 quasi
936 1255 1090 1302 11όωί-

379 1323 468 1374 nis,
505 1330 550 1367 et
577 1328 799 1379 quartum
819 1316 997 1362 animal
1030 1314 1089 1359 st-

374 1382 494 1438 ‚mile
536 1380 724 1439 aquilae
768 1376 958 1422 volami.
1027 1374 1089 1419 Et

380 1441 586 1501 quatuor
626 1436 865 1487 animalia,
901 1434 1090 1493 singula

379 1501 548 1548 edrum
560 1498 798 1545 habebant
810 1496 911 1542 alas
924 1508 1064 1540 senas
1080 1508 1089 1538 :

375 1570 433 1608 ‚et
448 1562 496 1607 in
511 1558 719 1610 circuitu,
742 1565 789 1602 et
804 1556 933 1601 intus
949 1554 1093 1612 plena

385 1630 496 1670 sunt
511 1620 660 1668 deulis
678 1633 688 1664 :
705 1626 752 1664 et
769 1615 977 1675 requiem
994 1627 1090 1659 non

384 1682 627 1731 habebant
656 1679 734 1724 die
754 1691 812 1724 ac
839 1674 993 1725 noete,
1021 1674 1092 1720 di-

385 1743 575 1799 centia:
604 1738 823 1790 Sanetus,
865 1735 1086 1786 Sanetus,

385 1802 605 1852 Sanetus,
638 1798 898 1845 -deinus
959 1795 1092 1840 Deus

385 1861 706 1918 omnipotens,
724 1859 805 1916 qui
820 1864 933 1908 erat,
951 1864 998 1900 et
1011 1853 1093 1912 qui

386 1929 472 1973 est,
500 1927 548 1965 et
568 1918 650 1976 qui
670 1916 894 1961 venturus
915 1923 999 1960 est.

378 1996 383 2001 ·
424 1981 498 2039 R7,
555 1978 668 2021 Vidi
715 1975 977 2022 deinum
1024 1986 1094 2018 se-

387 2038 579 2084 dentem
602 2049 743 2093 super
758 2035 929 2081 sdlium
945 2033 1096 2080 excel-

385 2111 494 2143 sum
515 2103 563 2142 et
581 2094 817 2141 elevatum
845 2109 855 2140 ε
887 2103 934 2139 et
954 2093 1097 2152 plena

377 2165 487 2213 ,erat
508 2156 664 2202 omnis
695 2163 819 2201 terra
849 2152 1097 2212 majestate

382 2218 491 2275 eJus
506 2219 535 2261 ἓ
578 2216 639 2260 Et
661 2229 720 2259 ea
740 2227 864 2272 quae
885 2214 973 2258 sub
990 2212 1096 2270 ipso

378 2284 535 2327 erant,
569 2289 620 2320 re
655 2274 814 2322 lebant
845 2271 1090 2331 templum.

366 2339 431 2398 Y.
475 2336 624 2395 Serap
659 2335 724 2379 im
745 2334 935 2379 stabant
955 2343 1098 2388 super

388 2397 539 2443 illud:
571 2409 653 2441 sex
683 2394 787 2439 alae
814 2391 909 2442 uni,
937 2399 984 2435 et
1015 2403 1095 2434 sex

389 2457 496 2503 alae
535 2452 813 2501 alteri—Et
856 2463 915 2495 ea
955 2462 1091 2507 quae.

345 2512 674 2564 ‘Benediffim
705 2509 993 2569 Unigenitus
1006 2507 1095 2552 Dei

394 2575 557 2622 Fssius.

434 2669 599 2713 Locffio
622 2668 671 2712 ii.
845 2663 967 2722 Cap:
991 2676 1035 2707 v,

540 2750 588 2795 T
615 2749 709 2795 vidi
736 2748 785 2794 in
813 2746 1006 2794 dextera
1028 2759 1101 2792 se-

572 2807 729 2853 dentis
778 2820 947 2865 supra,
969 2806 1097 2853 thro-

380 2877 528 2921 ‚num‚
542 2865 713 2911 librum
727 2866 958 2925 scriptum
971 2866 1101 2912 intus

368 229 472 313 498
510 235 622 300 Die
644 248 678 287 Ι
704 232 873 299 Nou,
890 226 1116 298 infesto
1131 221 1394 292 ,omnium
1420 217 1783 273 Sandorum.

1142 366 1190 404 et
1229 356 1357 409 foris,
1400 352 1644 413 signatum
1688 352 1863 412 sigfflis

1144 425 1343 476 septem.
1408 414 1471 461 Et
1493 414 1591 459 vidi
1615 414 1863 471 Angelum

1143 478 1315 524 fortem
1333 474 1707 536 praedicantem
1740 486 1865 519 voce

1145 551 1323 595 magna
1356 550 1367 581 z
1400 534 1522 590 Quis
1565 541 1640 580 est
1682 533 1865 590 dignus

1146 596 1329 655 aperire
1343 596 1528 645 librum,
1544 601 1593 638 et
1608 592 1794 640 sdlvere
1804 592 1865 636 si-

1146 656 1352 715 gnacula
1371 655 1503 712 ejus?
1520 654 1584 699 Et
1608 665 1753 697 nemo
1777 651 1867 709 ρό-

1147 723 1269 762 terat
1285 728 1439 773 neque
1456 714 1505 758 in
1526 713 1679 763 coelo,
1700 725 1863 768 neque

1149 777 1196 821 in
1218 784 1353 826 terra,
1388 786 1545 831 neque
1571 773 1742 818 subtus
1773 778 1865 816 ter-

1149 849 1265 887 ram,
1292 832 1473 892 aperire
1494 831 1683 882 librum,
1705 844 1866 888 neque

1148 894 1381 952 respicere
1398 893 1545 937 illum.
1595 892 1658 936 Et
1676 904 1769 947 ego
1784 890 1867 934 fle-

1149 956 1263 999 bam
1278 952 1495 1002 multum,
1515 950 1701 1010 qudnia
1718 963 1867 994 nemo

1150 1014 1326 1071 dignus
1346 1011 1566 1057 inventus
1586 1018 1661 1055 est
1681 1009 1869 1067 aperire

1150 1074 1339 1124 librum,
1394 1084 1485 1116 nec
1527 1070 1689 1115 videre
1732 1082 1863 1113 eum.

1153 1132 1215 1178 Et
1236 1145 1359 1177 unus
1381 1130 1443 1175 de
1463 1129 1730 1176 senidribus
1746 1128 1869 1173 dixit

1153 1192 1268 1237 mihi
1291 1205 1301 1237 ε
1326 1190 1402 1236 Ne
1426 1189 1614 1235 fleveris
1635 1204 1646 1234 ;
1670 1202 1783 1233 ecee
1805 1188 1870 1231 vi·

1152 1253 1216 1297 cit
1237 1251 1312 1296 leo
1334 1250 1395 1296 de
1414 1250 1540 1295 tribu
1554 1248 1704 1311 Juda.
1728 1248 1870 1292 radix

1154 1310 1327 1365 David,
1356 1308 1539 1368 aperire
1583 1309 1770 1358 librum.
1823 1316 1870 1351 et

1154 1370 1335 1417 sdlvere
1385 1377 1571 1427 septem
1622 1366 1872 1426 signAcula

1154 1431 1270 1488 ejus.
1336 1428 1400 1475 Et
1431 1428 1557 1473 vidi:
1591 1435 1639 1474 et
1677 1440 1792 1473 ecce
1823 1427 1872 1472 in

1154 1490 1317 1536 medio
1347 1488 1520 1540 throni,
1564 1495 1615 1534 et
1659 1486 1873 1545 quatuor

1155 1548 1446 1600 animalium,
1472 1548 1593 1593 etin
1614 1546 1777 1593 medio
1801 1561 1873 1592 se-

1157 1609 1360 1662 nidrum,
1410 1609 1610 1666 Agnum
1660 1611 1873 1652 stantem

1158 1678 1406 1728 tamquam
1434 1667 1666 1721 occisum,
1692 1665 1875 1713 haben-

1158 1739 1255 1776 tem
1276 1729 1458 1776 cdrnua
1477 1737 1679 1786 septem,
1698 1735 1743 1772 et
1755 1727 1875 1773 dcu-

1158 1791 1230 1836 los
1246 1798 1426 1848 septem
1442 1803 1454 1834 ι
1471 1788 1553 1846 qui
1568 1796 1679 1833 sunt
1688 1796 1873 1845 septem

1159 1850 1351 1908 spIritus
1362 1848 1467 1900 Dei,
1481 1848 1610 1893 missi
1621 1848 1668 1893 in
1678 1861 1873 1893 omnem

1161 1918 1347 1955 terram.
1414 1908 1478 1953 Et
1499 1908 1642 1959 venit,
1670 1916 1716 1953 et
1738 1908 1874 1953 acce·

1160 1969 1231 2027 pit
1260 1969 1323 2015 de
1354 1968 1551 2013 dextera
1580 1966 1793 2012 sedentis
1825 1968 1873 2012 in

1160 2028 1333 2074 thnono
1382 2028 1570 2072 librum.
1647 2027 1711 2072 Et
1758 2040 1873 2071 cum
1947 2054 1958 2067 .

1161 2087 1422 2147 aperuisset
1451 2087 1640 2138 librum,
1666 2086 1875 2145 quatuor

1161 2147 1399 2200 animalia,
1420 2155 1468 2193 et
1483 2145 1875 2204 vigintiquatuor

1162 2206 1371 2254 senidres
1400 2206 1676 2252 ceciderunt
1709 2219 1874 2251 coram

1162 2269 1317 2326 Agno,
1349 2266 1578 2311 habentes
1602 2265 1777 2323 stnguli
1810 2265 1876 2310 ct-

1164 2328 1337 2379 tharas,
1373 2333 1422 2372 et
1467 2324 1659 2383 phialas
1704 2326 1875 2370 auroes

1163 2388 1330 2445 plenas
1423 2384 1867 2435 odoramentdmm.

1163 2461 1286 2505 quae
1300 2452 1410 2492 sunt
1423 2444 1664 2491 oratidnes
1673 2442 1876 2491 Sanetd-

1163 2520 1283 2552 rum.

1206 2567 1284 2635 R?-
1334 2563 1686 2622 Beataesvirgo
1696 2561 1868 2615 Marsa.
1931 2562 1936 2607 ἵ

1165 2625 1256 2671 Det
1278 2624 1505 2676 Genitrix,
1523 2636 1651 2682 quae
1672 2623 1875 2669 credidi·
1931 2624 1936 2675 ζ

1162 2685 1223 2730 sti
1245 2684 1457 2732 deino
1484 2697 1495 2729 :
1621 2682 1732 2729 edta.
1760 2692 1875 2728 sunt

1163 2745 1215 2831 in⁸
1234 2752 1281 2790 te
1301 2756 1426 2802 quae
1457 2742 1505 2788 di
1620 2751 1734 2790 sunt
1754 2742 1841 2788 tibi
1864 2757 1875 2788 :

1160 2801 1878 2923 ffffitssffiffaessffissz:
