2050 3392
518 250 618 302 Fet
630 251 689 302 ia
716 250 884 302 tertia
909 249 991 303 ad
1007 248 1088 302 M
1081 249 1380 301 atutz'num.

309 428 530 476 OremuS.
668 420 849 469 Oratio.

370 515 413 558 E
432 513 474 557 R
498 512 536 557 P
553 513 597 556 E
613 512 658 556 T
676 512 722 556 U
742 511 785 556 A
826 524 934 563 nos,

397 585 695 630 quaesumus
716 571 936 622 Domine,
1016 575 1018 606 ἐ
1101 588 1165 629 ,ψ

227 646 351 690 pace
404 631 639 678 custodi:
682 643 805 686 quos
858 643 944 687 per
1085 630 1096 633 ”
1137 630 1154 637 ⁷

225 693 412 749 lignum
444 689 645 735 sanctae
678 690 843 734 Crucis
873 703 943 733 re-

223 752 410 796 dimere
430 748 665 808 dignutus
683 762 751 793 es.

280 807 422 861 Quae
439 816 696 850 commem.
711 803 772 847 de
782 802 938 846 Cruce

220 868 273 912 fit
298 868 460 915 etiam,
498 864 698 920 quando
735 875 832 907 non
868 862 939 905 di-

219 935 400 971 cuntur
453 925 635 974 Preces.
695 923 744 969 in
787 921 935 966 feriali

225 994 418 1032 tantum
442 984 633 1030 Officio,

338 1166 547 1211 FERIA
575 1164 835 1210 TERTIA

358 1261 435 1297 Ao
457 1259 811 1296 ΜΑΤυΤῐΝυΜ.

285 1340 638 1386 Invitatorium.
677 1340 945 1404 Jubilemus

221 1407 354 1457 Deo,
379 1402 405 1425 ’ἓ
432 1401 642 1449 Salutari
663 1408 846 1446 nostro.

284 1462 521 1507 Psalmus.
555 1460 743 1506 Venite.
775 1474 819 1505 2.

461 1553 704 1611 Hymnus.

384 1638 651 1686 ONSORS
675 1637 864 1683 Paterni
875 1636 946 1682 lu·

426 1700 580 1751 minis,
721 1727 726 1730 -

223 1762 344 1806 Lux
367 1760 469 1816 ipse
488 1759 620 1809 lucis,
648 1765 698 1802 et
718 1758 820 1802 dies
843 1771 855 1802 ι

224 1817 449 1865 Noctem
498 1817 719 1863 oenendo
769 1815 947 1874 rumpi-

322 1892 446 1929 mus.

221 1937 421 1984 Assiste
441 1935 813 1994 postulantibus,

284 1996 447 2041 Aufer
461 1995 682 2042 tenebras
691 1994 937 2044 mentium.

225 2057 376 2113 Fuga
395 2054 610 2100 catervas
630 2054 937 2105 daemonum,

227 2114 440 2173 Expelle
463 2113 846 2164 somnolentiam,

228 2175 313 2220 Ne
336 2172 621 2232 pigritantes
641 2171 829 2217 obruat.

290 2233 390 2285 Sic,
410 2233 614 2284 Christe,
637 2232 778 2275 nobis
792 2230 944 2276 omni-

354 2293 448 2337 bus

229 2351 499 2408 Indulgens
520 2350 834 2403 credentibus,

231 2412 309 2455 Ut
331 2411 488 2469 prosit
506 2409 825 2460 exoruntibus,

225 2471 386 2526 Quod
417 2469 742 2527 praecinentes
787 2468 946 2526 psalli-

356 2542 480 2574 mus.

298 2587 508 2639 Praesta,
534 2587 674 2631 Pater
685 2586 905 2644 piissime,

231 2646 467 2702 Patrique
486 2659 684 2702 compar
700 2646 866 2699 Unice,

228 2706 368 2751 Cum
392 2705 567 2762 Spiritu
585 2704 833 2757 Paraclito,

229 2766 471 2821 Regnans
500 2778 583 2821 per
612 2778 755 2809 omne
780 2778 944 2809 saecu-

363 2823 476 2869 lum.
501 2825 668 2868 Amen.

296 2881 425 2926 Afla.
449 2883 516 2928 Ut
536 2897 633 2928 non
649 2883 937 2941 delinquam.

349 3031 470 3077 Pars
490 3036 533 3080 A
541 3041 822 3088 utumnabis.

1655 249 1721 315 65

1142 419 1356 466 Psalmus
1377 419 1560 465 xxxviii.

1017 529 1018 532 ¹
1087 511 1384 556 ἡ-ΊΙΧῙε
1428 511 1710 557 Custodiam

1103 567 1148 583 ‘⁹
1231 609 1233 624 ff
1274 572 1372 616 vias
1404 584 1571 616 meas:
1604 571 1631 596 ⁴*
1658 579 1711 616 ut

1220 653 1232 678 ,;
1270 630 1711 687 nondelinquamin

1082 749 1222 794 Posui
1270 750 1340 793 ori
1394 763 1504 793 meo
1552 748 1713 794 custo-

1010 808 1154 860 diam,
1196 807 1223 831 ⁴*
1274 822 1400 858 cum,
1434 809 1710 854 consisteret

1010 867 1234 926 peccator
1254 868 1503 913 adversum
1525 882 1616 913 me.

1069 926 1314 977 obmutui,
1354 935 1401 972 et
1435 927 1710 973 humiliatus

1009 1000 1130 1038 sum,
1157 995 1205 1032 et
1225 986 1327 1031 silui
1359 1000 1390 1030 a
1407 986 1545 1031 bonis
1570 1001 1583 1031 :
1606 986 1633 1011 ⁴*
1664 995 1713 1031 et

1010 1047 1148 1091 dolor
1169 1059 1301 1090 meus
1333 1046 1587 1090 renovatus
1619 1054 1704 1091 est.

1069 1103 1319 1150 Concaluit
1351 1118 1433 1148 cor
1464 1118 1623 1148 meum
1643 1105 1713 1148 in-

1009 1172 1083 1209 tra
1103 1177 1181 1208 me
1203 1162 1255 1208 t*
1270 1172 1317 1208 et
1337 1163 1387 1206 in
1406 1164 1714 1209 meditatione

1011 1236 1119 1267 mea
1139 1222 1410 1270 exardescet
1432 1224 1568 1280 ignis.

1072 1281 1283 1327 Locutus
1323 1297 1428 1328 sum
1466 1283 1514 1327 in
1550 1283 1714 1340 lingua

1010 1354 1120 1386 mea
1146 1356 1156 1387 :
1186 1345 1214 1370 ὕ
1254 1350 1421 1386 notum
1461 1343 1537 1386 sac
1577 1343 1705 1393 mihi.

1012 1400 1230 1452 Domine,
1257 1401 1401 1445 finem
1414 1415 1588 1453 meum,

1062 1461 1122 1504 Et
1135 1459 1383 1504 numerum
1391 1460 1574 1505 dierum
1583 1460 1719 1506 meo-.

1011 1533 1117 1563 rum
1148 1521 1253 1576 quis
1283 1527 1355 1564 est
1383 1535 1393 1564 :
1417 1518 1444 1543 ⁴*
1475 1527 1528 1564 ut
1563 1521 1713 1565 sciam

1012 1580 1128 1636 quid
1150 1579 1270 1624 desit
1292 1578 1420 1623 mihi.

1064 1638 1189 1682 Ecce
1201 1637 1539 1683 mensurabiles
1550 1638 1711 1694 posui-

1011 1698 1072 1742 sti
1095 1698 1195 1742 dies
1218 1711 1351 1741 meos
1366 1712 1376 1741 :
1391 1696 1478 1741 *et
1495 1698 1713 1742 substan-

1013 1757 1081 1801 tia
1112 1769 1220 1800 mea
1240 1763 1486 1812 tamquam
1517 1756 1718 1801 nihilum‘

1011 1822 1126 1860 ante
1148 1822 1207 1859 te.

1062 1872 1402 1919 Verumtamen
1410 1874 1719 1920 universam-2

1012 1935 1148 1985 nitas,
1170 1931 1197 1956 ⁴*
1209 1934 1365 1979 omnis
1381 1934 1529 1979 homo
1538 1936 1707 1981 vivens.

1071 1992 1408 2039 Verumtamen
1432 1995 1479 2039 in
1508 1994 1712 2050 imagine

1011 2053 1263 2110 pertransit
1294 2054 1440 2098 homo
1468 2068 1478 2098 :
1501 2052 1529 2076 ³*
1549 2055 1636 2098 sed
1665 2062 1712 2099 et

1012 2112 1185 2157 frustra
1206 2112 1526 2158 conturbatur.

1071 2171 1379 2217 Thesaurizat
1395 2187 1405 2217 :
1420 2171 1448 2196 ⁴*
1460 2179 1507 2217 et
1524 2172 1712 2229 ignorat

1012 2231 1087 2276 cui
1109 2230 1419 2289 congregabit
1440 2246 1510 2277 ea.

1074 2292 1136 2335 Et
1168 2305 1294 2336 nunc
1324 2305 1449 2349 quae
1477 2300 1549 2337 est
1568 2305 1713 2348 expe-

1011 2350 1160 2395 <statio
1177 2352 1313 2396 mea?
1323 2351 1670 2395 nonne'Dfius?
1685 2351 1712 2374 ⁴*

1011 2418 1059 2455 et
1080 2409 1346 2456 substantia
1366 2424 1475 2454 mea
1503 2411 1636 2467 apud
1665 2415 1717 2456 te

1011 2477 1097 2515 est.

1071 2529 1148 2573 Ab
1157 2528 1378 2574 omnibus
1388 2527 1717 2585 iniquitutibus
1786 2543 1791 2548 ·

1012 2588 1127 2634 meis
1143 2588 1254 2633 erue
1268 2603 1358 2633 me:
1369 2587 1720 2645 *opprobrium

1013 2647 1248 2704 insipienti
1273 2647 1443 2691 dedisti
1467 2660 1557 2691 me.

1071 2705 1316 2758 obmutui,
1344 2714 1391 2750 et
1422 2719 1520 2750 non
1550 2706 1710 2763 aperui

1012 2778 1067 2808 os
1099 2779 1270 2817 meum,
1309 2764 1535 2821 quoniam
1568 2773 1619 2810 tu
1649 2766 1714 2810 fe-

1012 2823 1116 2869 cisti
1138 2838 1149 2869 :
1167 2823 1194 2848 ⁴*
1215 2824 1385 2869 amove
1405 2838 1435 2869 a
1455 2838 1532 2868 me
1548 2825 1725 2882 plagas·

1015 2890 1134 2929 tuas.

1767 1394 1777 1683 ἒ

1769 1688 1775 1748 ξ

1766 1751 1775 2038 Ξ
