<?xml version="1.0" encoding="UTF-8"?>
<!DOCTYPE html PUBLIC "-//W3C//DTD XHTML 1.0 Transitional//EN"
    "http://www.w3.org/TR/xhtml1/DTD/xhtml1-transitional.dtd">
<html xmlns="http://www.w3.org/1999/xhtml" xml:lang="en" lang="en">
 <head>
  <title>
</title>
<meta http-equiv="Content-Type" content="text/html;charset=utf-8" />
  <meta name='ocr-system' content='tesseract 3.04.00' />
  <meta name='ocr-capabilities' content='ocr_page ocr_carea ocr_par ocr_line ocrx_word'/>
</head>
<body>
  <div class='ocr_page' id='page_1' title='image "./breviariumroman03churgoog/breviariumroman03churgoog_0360.png"; bbox 0 0 2050 3392; ppageno 0'>
   <div class='ocr_carea' id='block_1_1' title="bbox 564 262 1384 335">
    <p class='ocr_par' dir='ltr' id='par_1_1' title="bbox 564 262 1384 335">
     <span class='ocr_line' id='line_1_1' title="bbox 564 262 1384 335; baseline 0.006 -19"><span class='ocrx_word' id='word_1_1' title='bbox 564 262 866 319; x_wconf 84' lang='lat' dir='ltr'>Dominica</span> <span class='ocrx_word' id='word_1_2' title='bbox 891 267 1092 335; x_wconf 82' lang='lat' dir='ltr'>quinta</span> <span class='ocrx_word' id='word_1_3' title='bbox 1125 266 1384 322; x_wconf 56' lang='lat' dir='ltr'>Onobris.</span> 
     </span>
    </p>
   </div>
   <div class='ocr_carea' id='block_1_2' title="bbox 221 394 970 470">
    <p class='ocr_par' dir='ltr' id='par_1_2' title="bbox 221 394 970 470">
     <span class='ocr_line' id='line_1_2' title="bbox 221 394 970 470; baseline 0.007 -31"><span class='ocrx_word' id='word_1_4' title='bbox 221 394 395 443; x_wconf 68' lang='lat' dir='ltr'>ferrent</span> <span class='ocrx_word' id='word_1_5' title='bbox 415 410 447 442; x_wconf 90' lang='lat' dir='ltr'><strong>a</strong></span> <span class='ocrx_word' id='word_1_6' title='bbox 468 395 634 455; x_wconf 56' lang='lat' dir='ltr'>pdtriis</span> <span class='ocrx_word' id='word_1_7' title='bbox 658 405 704 442; x_wconf 91' lang='lat' dir='ltr'>et</span> <span class='ocrx_word' id='word_1_8' title='bbox 719 398 808 442; x_wconf 92' lang='lat' dir='ltr'>Dei</span> <span class='ocrx_word' id='word_1_9' title='bbox 823 399 935 457; x_wconf 74' lang='lat' dir='ltr'>legi-</span> <span class='ocrx_word' id='word_1_10' title='bbox 963 404 970 470; x_wconf 52' lang='grc' dir='ltr'><em>ι</em></span> 
     </span>
    </p>
   </div>
   <div class='ocr_carea' id='block_1_3' title="bbox 209 456 932 1405">
    <p class='ocr_par' dir='ltr' id='par_1_3' title="bbox 209 456 932 1405">
     <span class='ocr_line' id='line_1_3' title="bbox 219 456 931 503; baseline 0.004 -3"><span class='ocrx_word' id='word_1_11' title='bbox 219 456 309 501; x_wconf 89' lang='lat' dir='ltr'>bus</span> <span class='ocrx_word' id='word_1_12' title='bbox 349 470 360 501; x_wconf 91' lang='lat'>:</span> <span class='ocrx_word' id='word_1_13' title='bbox 413 457 742 502; x_wconf 62' lang='lat' dir='ltr'>contaminate</span> <span class='ocrx_word' id='word_1_14' title='bbox 791 458 931 503; x_wconf 75' lang='lat' dir='ltr'>etiam</span> 
     </span>
     <span class='ocr_line' id='line_1_4' title="bbox 218 515 931 577; baseline 0.006 -18"><span class='ocrx_word' id='word_1_15' title='bbox 218 516 354 572; x_wconf 91' lang='lat' dir='ltr'>quod</span> <span class='ocrx_word' id='word_1_16' title='bbox 395 515 445 560; x_wconf 89' lang='lat' dir='ltr'>in</span> <span class='ocrx_word' id='word_1_17' title='bbox 480 515 794 577; x_wconf 80' lang='lat' dir='ltr'>Jerosolymis</span> <span class='ocrx_word' id='word_1_18' title='bbox 833 528 931 563; x_wconf 87' lang='lat' dir='ltr'>erat</span> 
     </span>
     <span class='ocr_line' id='line_1_5' title="bbox 219 575 932 633; baseline 0.006 -15"><span class='ocrx_word' id='word_1_19' title='bbox 219 575 469 633; x_wconf 88' lang='lat' dir='ltr'>templum,</span> <span class='ocrx_word' id='word_1_20' title='bbox 512 583 561 622; x_wconf 86' lang='lat' dir='ltr'>et</span> <span class='ocrx_word' id='word_1_21' title='bbox 596 577 932 631; x_wconf 63' lang='lat' dir='ltr'>cognominare</span> 
     </span>
     <span class='ocr_line' id='line_1_6' title="bbox 210 632 931 696; baseline 0.004 -18"><span class='ocrx_word' id='word_1_22' title='bbox 210 632 347 696; x_wconf 89' lang='lat' dir='ltr'>Jovis</span> <span class='ocrx_word' id='word_1_23' title='bbox 390 634 602 693; x_wconf 86' lang='lat' dir='ltr'>Olympii</span> <span class='ocrx_word' id='word_1_24' title='bbox 622 644 693 681; x_wconf 90' lang='lat' dir='ltr'>:et</span> <span class='ocrx_word' id='word_1_25' title='bbox 717 636 764 679; x_wconf 89' lang='lat' dir='ltr'>in</span> <span class='ocrx_word' id='word_1_26' title='bbox 796 636 931 681; x_wconf 84' lang='lat' dir='ltr'>Gari-</span> 
     </span>
     <span class='ocr_line' id='line_1_7' title="bbox 219 693 930 752; baseline 0.006 -15"><span class='ocrx_word' id='word_1_27' title='bbox 219 693 323 745; x_wconf 81' lang='lat' dir='ltr'>zim.</span> <span class='ocrx_word' id='word_1_28' title='bbox 349 702 498 751; x_wconf 91' lang='lat' dir='ltr'>prout</span> <span class='ocrx_word' id='word_1_29' title='bbox 519 703 654 739; x_wconf 90' lang='lat' dir='ltr'>erant</span> <span class='ocrx_word' id='word_1_30' title='bbox 673 695 737 745; x_wconf 90' lang='lat' dir='ltr'>hi,</span> <span class='ocrx_word' id='word_1_31' title='bbox 764 696 846 752; x_wconf 91' lang='lat' dir='ltr'>qui</span> <span class='ocrx_word' id='word_1_32' title='bbox 864 697 930 741; x_wconf 88' lang='lat' dir='ltr'>lo-</span> 
     </span>
     <span class='ocr_line' id='line_1_8' title="bbox 217 753 930 817; baseline 0.004 -20"><span class='ocrx_word' id='word_1_33' title='bbox 217 766 329 797; x_wconf 89' lang='lat' dir='ltr'>cum</span> <span class='ocrx_word' id='word_1_34' title='bbox 393 753 741 805; x_wconf 58' lang='lat' dir='ltr'>inhabitabant,</span> <span class='ocrx_word' id='word_1_35' title='bbox 796 755 930 817; x_wconf 84' lang='lat' dir='ltr'>Jovis</span> 
     </span>
     <span class='ocr_line' id='line_1_9' title="bbox 215 811 925 870; baseline 0.004 -14"><span class='ocrx_word' id='word_1_36' title='bbox 215 811 483 870; x_wconf 61' lang='lat' dir='ltr'>hospitalis.</span> <span class='ocrx_word' id='word_1_37' title='bbox 535 813 747 858; x_wconf 75' lang='lat' dir='ltr'>Pessima</span> <span class='ocrx_word' id='word_1_38' title='bbox 765 823 925 859; x_wconf 85' lang='lat' dir='ltr'>autem</span> 
     </span>
     <span class='ocr_line' id='line_1_10' title="bbox 215 872 927 931; baseline 0.006 -16"><span class='ocrx_word' id='word_1_39' title='bbox 215 879 264 916; x_wconf 88' lang='lat' dir='ltr'>et</span> <span class='ocrx_word' id='word_1_40' title='bbox 321 872 554 917; x_wconf 75' lang='lat' dir='ltr'>universis</span> <span class='ocrx_word' id='word_1_41' title='bbox 613 874 770 931; x_wconf 89' lang='lat' dir='ltr'>gravis</span> <span class='ocrx_word' id='word_1_42' title='bbox 829 884 927 919; x_wconf 87' lang='lat' dir='ltr'>erat</span> 
     </span>
     <span class='ocr_line' id='line_1_11' title="bbox 216 931 926 979; baseline 0.007 -5"><span class='ocrx_word' id='word_1_43' title='bbox 216 931 451 976; x_wconf 82' lang='lat' dir='ltr'>maiorum</span> <span class='ocrx_word' id='word_1_44' title='bbox 461 931 684 977; x_wconf 78' lang='lat' dir='ltr'>incursio:</span> <span class='ocrx_word' id='word_1_45' title='bbox 693 946 805 978; x_wconf 85' lang='lat' dir='ltr'>nam</span> <span class='ocrx_word' id='word_1_46' title='bbox 814 943 926 979; x_wconf 89' lang='lat' dir='ltr'>tem·</span> 
     </span>
     <span class='ocr_line' id='line_1_12' title="bbox 213 989 927 1047; baseline 0.008 -14"><span class='ocrx_word' id='word_1_47' title='bbox 213 989 351 1047; x_wconf 91' lang='lat' dir='ltr'>plum</span> <span class='ocrx_word' id='word_1_48' title='bbox 388 990 583 1043; x_wconf 76' lang='lat' dir='ltr'>luxuria,</span> <span class='ocrx_word' id='word_1_49' title='bbox 611 999 657 1036; x_wconf 91' lang='lat' dir='ltr'>et</span> <span class='ocrx_word' id='word_1_50' title='bbox 694 1007 927 1039; x_wconf 85' lang='lat' dir='ltr'>comessa·</span> 
     </span>
     <span class='ocr_line' id='line_1_13' title="bbox 211 1049 925 1112; baseline 0.006 -18"><span class='ocrx_word' id='word_1_51' title='bbox 211 1049 426 1095; x_wconf 80' lang='lat' dir='ltr'>tionibus</span> <span class='ocrx_word' id='word_1_52' title='bbox 447 1050 674 1096; x_wconf 78' lang='lat' dir='ltr'>Gentium</span> <span class='ocrx_word' id='word_1_53' title='bbox 699 1060 799 1098; x_wconf 88' lang='lat' dir='ltr'>erat</span> <span class='ocrx_word' id='word_1_54' title='bbox 830 1054 925 1112; x_wconf 87' lang='lat' dir='ltr'>ple-</span> 
     </span>
     <span class='ocr_line' id='line_1_14' title="bbox 212 1110 923 1161; baseline 0.008 -9"><span class='ocrx_word' id='word_1_55' title='bbox 212 1122 347 1161; x_wconf 89' lang='lat' dir='ltr'>num,</span> <span class='ocrx_word' id='word_1_56' title='bbox 387 1118 434 1154; x_wconf 91' lang='lat' dir='ltr'>et</span> <span class='ocrx_word' id='word_1_57' title='bbox 470 1110 779 1156; x_wconf 68' lang='lat' dir='ltr'>scortzintium</span> <span class='ocrx_word' id='word_1_58' title='bbox 815 1126 923 1158; x_wconf 89' lang='lat' dir='ltr'>cum</span> 
     </span>
     <span class='ocr_line' id='line_1_15' title="bbox 211 1168 925 1229; baseline 0.008 -18"><span class='ocrx_word' id='word_1_59' title='bbox 211 1168 575 1214; x_wconf 72' lang='lat' dir='ltr'>meretricibus:</span> <span class='ocrx_word' id='word_1_60' title='bbox 637 1171 925 1229; x_wconf 82' lang='lat' dir='ltr'>sacratisque</span> 
     </span>
     <span class='ocr_line' id='line_1_16' title="bbox 210 1228 923 1277; baseline 0.007 -6"><span class='ocrx_word' id='word_1_61' title='bbox 210 1228 413 1273; x_wconf 86' lang='lat' dir='ltr'>aedibus</span> <span class='ocrx_word' id='word_1_62' title='bbox 445 1229 665 1274; x_wconf 87' lang='lat' dir='ltr'>mulieres</span> <span class='ocrx_word' id='word_1_63' title='bbox 706 1244 758 1275; x_wconf 91' lang='lat' dir='ltr'>se</span> <span class='ocrx_word' id='word_1_64' title='bbox 798 1232 923 1277; x_wconf 90' lang='lat' dir='ltr'>ultro</span> 
     </span>
     <span class='ocr_line' id='line_1_17' title="bbox 210 1286 923 1344; baseline 0.008 -14"><span class='ocrx_word' id='word_1_65' title='bbox 210 1286 506 1344; x_wconf 77' lang='lat' dir='ltr'>ingerebant,</span> <span class='ocrx_word' id='word_1_66' title='bbox 556 1289 680 1334; x_wconf 90' lang='lat' dir='ltr'>intro</span> <span class='ocrx_word' id='word_1_67' title='bbox 721 1290 923 1336; x_wconf 78' lang='lat' dir='ltr'>ferentes</span> 
     </span>
     <span class='ocr_line' id='line_1_18' title="bbox 209 1348 762 1405; baseline 0.011 -15"><span class='ocrx_word' id='word_1_68' title='bbox 209 1359 281 1398; x_wconf 60' lang='grc' dir='ltr'>ω,</span> <span class='ocrx_word' id='word_1_69' title='bbox 310 1360 437 1405; x_wconf 77' lang='lat' dir='ltr'>quae</span> <span class='ocrx_word' id='word_1_70' title='bbox 456 1361 555 1394; x_wconf 88' lang='lat' dir='ltr'>non</span> <span class='ocrx_word' id='word_1_71' title='bbox 576 1348 762 1396; x_wconf 78' lang='lat' dir='ltr'>licebat.</span> 
     </span>
    </p>
   </div>
   <div class='ocr_carea' id='block_1_4' title="bbox 190 1587 919 2904">
    <p class='ocr_par' dir='ltr' id='par_1_4' title="bbox 190 1587 919 2904">
     <span class='ocr_line' id='line_1_19' title="bbox 402 1587 912 1640; baseline 0.006 -11"><span class='ocrx_word' id='word_1_72' title='bbox 402 1598 517 1630; x_wconf 88' lang='lat' dir='ltr'>num</span> <span class='ocrx_word' id='word_1_73' title='bbox 569 1594 668 1631; x_wconf 89' lang='lat' dir='ltr'>erat</span> <span class='ocrx_word' id='word_1_74' title='bbox 728 1587 912 1640; x_wconf 71' lang='lat' dir='ltr'>illicitis,</span> 
     </span>
     <span class='ocr_line' id='line_1_20' title="bbox 202 1644 918 1704; baseline 0.004 -16"><span class='ocrx_word' id='word_1_75' title='bbox 202 1655 335 1702; x_wconf 87' lang='lat' dir='ltr'>quae</span> <span class='ocrx_word' id='word_1_76' title='bbox 371 1644 556 1703; x_wconf 73' lang='lat' dir='ltr'>legibus</span> <span class='ocrx_word' id='word_1_77' title='bbox 603 1646 918 1704; x_wconf 61' lang='lat' dir='ltr'>prohibeban-</span> 
     </span>
     <span class='ocr_line' id='line_1_21' title="bbox 208 1704 919 1763; baseline 0.006 -15"><span class='ocrx_word' id='word_1_78' title='bbox 208 1712 300 1749; x_wconf 85' lang='lat' dir='ltr'>tur.</span> <span class='ocrx_word' id='word_1_79' title='bbox 350 1704 524 1763; x_wconf 84' lang='lat' dir='ltr'><strong>Neque</strong></span> <span class='ocrx_word' id='word_1_80' title='bbox 543 1714 702 1751; x_wconf 87' lang='lat' dir='ltr'>autem</span> <span class='ocrx_word' id='word_1_81' title='bbox 719 1707 919 1752; x_wconf 65' lang='lat' dir='ltr'>sAbbata</span> 
     </span>
     <span class='ocr_line' id='line_1_22' title="bbox 201 1764 918 1824; baseline 0.007 -17"><span class='ocrx_word' id='word_1_82' title='bbox 201 1764 610 1817; x_wconf 59' lang='lat' dir='ltr'>custodiebamur,</span> <span class='ocrx_word' id='word_1_83' title='bbox 637 1780 793 1824; x_wconf 90' lang='lat' dir='ltr'>neque</span> <span class='ocrx_word' id='word_1_84' title='bbox 818 1769 918 1811; x_wconf 92' lang='lat' dir='ltr'>dies</span> 
     </span>
     <span class='ocr_line' id='line_1_23' title="bbox 201 1823 916 1881; baseline 0.008 -16"><span class='ocrx_word' id='word_1_85' title='bbox 201 1823 442 1868; x_wconf 73' lang='lat' dir='ltr'>solemnes</span> <span class='ocrx_word' id='word_1_86' title='bbox 449 1824 587 1881; x_wconf 58' lang='lat' dir='ltr'>patrii</span> <span class='ocrx_word' id='word_1_87' title='bbox 596 1826 916 1878; x_wconf 58' lang='lat' dir='ltr'>servabantur,</span> 
     </span>
     <span class='ocr_line' id='line_1_24' title="bbox 202 1882 917 1947; baseline 0.008 -22"><span class='ocrx_word' id='word_1_88' title='bbox 202 1895 293 1926; x_wconf 89' lang='lat' dir='ltr'>nec</span> <span class='ocrx_word' id='word_1_89' title='bbox 312 1882 586 1940; x_wconf 81' lang='lat' dir='ltr'>simpliciter</span> <span class='ocrx_word' id='word_1_90' title='bbox 599 1884 843 1947; x_wconf 88' lang='lat' dir='ltr'>Judaeum</span> <span class='ocrx_word' id='word_1_91' title='bbox 866 1900 917 1931; x_wconf 93' lang='lat' dir='ltr'>se</span> 
     </span>
     <span class='ocr_line' id='line_1_25' title="bbox 199 1942 909 1999; baseline 0.008 -14"><span class='ocrx_word' id='word_1_92' title='bbox 199 1955 309 1986; x_wconf 55' lang='lat' dir='ltr'>&amp;sse</span> <span class='ocrx_word' id='word_1_93' title='bbox 318 1942 573 1999; x_wconf 87' lang='lat' dir='ltr'>quisquam</span> <span class='ocrx_word' id='word_1_94' title='bbox 582 1944 909 1991; x_wconf 57' lang='lat' dir='ltr'>confitebatur.</span> 
     </span>
     <span class='ocr_line' id='line_1_26' title="bbox 202 2001 912 2050; baseline 0.007 -5"><span class='ocrx_word' id='word_1_95' title='bbox 202 2001 521 2047; x_wconf 62' lang='lat' dir='ltr'>DucebAntur</span> <span class='ocrx_word' id='word_1_96' title='bbox 583 2011 743 2049; x_wconf 90' lang='lat' dir='ltr'>autem</span> <span class='ocrx_word' id='word_1_97' title='bbox 804 2019 912 2050; x_wconf 88' lang='lat' dir='ltr'>cum</span> 
     </span>
     <span class='ocr_line' id='line_1_27' title="bbox 196 2062 915 2109; baseline 0.006 -4"><span class='ocrx_word' id='word_1_98' title='bbox 196 2062 370 2105; x_wconf 61' lang='lat' dir='ltr'>amAra</span> <span class='ocrx_word' id='word_1_99' title='bbox 410 2063 689 2108; x_wconf 61' lang='lat' dir='ltr'>necessitate</span> <span class='ocrx_word' id='word_1_100' title='bbox 739 2064 787 2108; x_wconf 88' lang='lat' dir='ltr'>in</span> <span class='ocrx_word' id='word_1_101' title='bbox 838 2066 915 2109; x_wconf 82' lang='lat' dir='ltr'>dic</span> 
     </span>
     <span class='ocr_line' id='line_1_28' title="bbox 200 2120 911 2178; baseline 0.006 -14"><span class='ocrx_word' id='word_1_102' title='bbox 200 2120 377 2165; x_wconf 58' lang='lat' dir='ltr'>natalis</span> <span class='ocrx_word' id='word_1_103' title='bbox 396 2122 522 2178; x_wconf 88' lang='lat' dir='ltr'>regis</span> <span class='ocrx_word' id='word_1_104' title='bbox 551 2123 615 2166; x_wconf 85' lang='lat' dir='ltr'>ad</span> <span class='ocrx_word' id='word_1_105' title='bbox 647 2123 880 2169; x_wconf 73' lang='lat' dir='ltr'>sacrificia</span> <span class='ocrx_word' id='word_1_106' title='bbox 903 2139 911 2168; x_wconf 90' lang='lat'>:</span> 
     </span>
     <span class='ocr_line' id='line_1_29' title="bbox 198 2180 913 2231; baseline 0.004 -6"><span class='ocrx_word' id='word_1_107' title='bbox 198 2187 259 2231; x_wconf 85' lang='lat' dir='ltr'>et,</span> <span class='ocrx_word' id='word_1_108' title='bbox 289 2192 402 2224; x_wconf 90' lang='lat' dir='ltr'>cum</span> <span class='ocrx_word' id='word_1_109' title='bbox 437 2180 596 2226; x_wconf 77' lang='lat' dir='ltr'>Liberi</span> <span class='ocrx_word' id='word_1_110' title='bbox 628 2195 765 2227; x_wconf 87' lang='lat' dir='ltr'>sacra</span> <span class='ocrx_word' id='word_1_111' title='bbox 795 2185 913 2228; x_wconf 93' lang='lat' dir='ltr'>cele-</span> 
     </span>
     <span class='ocr_line' id='line_1_30' title="bbox 198 2239 914 2298; baseline 0.008 -15"><span class='ocrx_word' id='word_1_112' title='bbox 198 2239 464 2291; x_wconf 78' lang='lat' dir='ltr'>brarentur,</span> <span class='ocrx_word' id='word_1_113' title='bbox 503 2243 796 2298; x_wconf 60' lang='lat' dir='ltr'>cogebantur</span> <span class='ocrx_word' id='word_1_114' title='bbox 832 2243 914 2289; x_wconf 78' lang='lat' dir='ltr'>he-</span> 
     </span>
     <span class='ocr_line' id='line_1_31' title="bbox 196 2299 912 2348; baseline 0.006 -6"><span class='ocrx_word' id='word_1_115' title='bbox 196 2299 319 2343; x_wconf 89' lang='lat' dir='ltr'>dera</span> <span class='ocrx_word' id='word_1_116' title='bbox 332 2300 543 2345; x_wconf 60' lang='lat' dir='ltr'>coronati</span> <span class='ocrx_word' id='word_1_117' title='bbox 559 2301 735 2346; x_wconf 84' lang='lat' dir='ltr'>Libero</span> <span class='ocrx_word' id='word_1_118' title='bbox 748 2303 912 2348; x_wconf 85' lang='lat' dir='ltr'>circui-</span> 
     </span>
     <span class='ocr_line' id='line_1_32' title="bbox 197 2358 910 2407; baseline 0.007 -5"><span class='ocrx_word' id='word_1_119' title='bbox 197 2371 263 2404; x_wconf 90' lang='lat' dir='ltr'>re.</span> <span class='ocrx_word' id='word_1_120' title='bbox 335 2358 589 2404; x_wconf 72' lang='lat' dir='ltr'>Decretum</span> <span class='ocrx_word' id='word_1_121' title='bbox 610 2370 773 2405; x_wconf 85' lang='lat' dir='ltr'>autem</span> <span class='ocrx_word' id='word_1_122' title='bbox 801 2362 910 2407; x_wconf 74' lang='lat' dir='ltr'>exiit</span> 
     </span>
     <span class='ocr_line' id='line_1_33' title="bbox 197 2417 910 2476; baseline 0.007 -15"><span class='ocrx_word' id='word_1_123' title='bbox 197 2417 246 2462; x_wconf 86' lang='lat' dir='ltr'>in</span> <span class='ocrx_word' id='word_1_124' title='bbox 264 2418 507 2476; x_wconf 81' lang='lat' dir='ltr'>proximas</span> <span class='ocrx_word' id='word_1_125' title='bbox 524 2420 786 2465; x_wconf 80' lang='lat' dir='ltr'>Gentilium</span> <span class='ocrx_word' id='word_1_126' title='bbox 803 2422 910 2466; x_wconf 89' lang='lat' dir='ltr'>civi-</span> 
     </span>
     <span class='ocr_line' id='line_1_34' title="bbox 198 2477 910 2536; baseline 0.006 -14"><span class='ocrx_word' id='word_1_127' title='bbox 198 2477 336 2529; x_wconf 65' lang='lat' dir='ltr'>tAtes,</span> <span class='ocrx_word' id='word_1_128' title='bbox 364 2480 728 2536; x_wconf 60' lang='lat' dir='ltr'>suggerentibus</span> <span class='ocrx_word' id='word_1_129' title='bbox 760 2480 910 2526; x_wconf 88' lang='lat' dir='ltr'>Ptole-</span> 
     </span>
     <span class='ocr_line' id='line_1_35' title="bbox 197 2538 907 2598; baseline 0.003 -16"><span class='ocrx_word' id='word_1_130' title='bbox 197 2538 361 2589; x_wconf 87' lang='lat' dir='ltr'>maeis,</span> <span class='ocrx_word' id='word_1_131' title='bbox 390 2546 441 2583; x_wconf 91' lang='lat' dir='ltr'>ut</span> <span class='ocrx_word' id='word_1_132' title='bbox 463 2540 563 2596; x_wconf 84' lang='lat' dir='ltr'>pari</span> <span class='ocrx_word' id='word_1_133' title='bbox 587 2539 736 2583; x_wconf 89' lang='lat' dir='ltr'>modo</span> <span class='ocrx_word' id='word_1_134' title='bbox 757 2547 804 2584; x_wconf 90' lang='lat' dir='ltr'>et</span> <span class='ocrx_word' id='word_1_135' title='bbox 821 2541 907 2598; x_wconf 88' lang='lat' dir='ltr'>ipsi</span> 
     </span>
     <span class='ocr_line' id='line_1_36' title="bbox 195 2596 901 2660; baseline 0.006 -19"><span class='ocrx_word' id='word_1_136' title='bbox 195 2596 427 2643; x_wconf 75' lang='lat' dir='ltr'>adversus</span> <span class='ocrx_word' id='word_1_137' title='bbox 443 2598 663 2660; x_wconf 86' lang='lat' dir='ltr'>Judaeos</span> <span class='ocrx_word' id='word_1_138' title='bbox 693 2597 901 2656; x_wconf 58' lang='lat' dir='ltr'>figerent,</span> 
     </span>
     <span class='ocr_line' id='line_1_37' title="bbox 195 2657 900 2711; baseline 0.003 -9"><span class='ocrx_word' id='word_1_139' title='bbox 195 2665 251 2703; x_wconf 88' lang='lat' dir='ltr'>ut</span> <span class='ocrx_word' id='word_1_140' title='bbox 268 2657 585 2703; x_wconf 62' lang='lat' dir='ltr'>sacrificarent</span> <span class='ocrx_word' id='word_1_141' title='bbox 601 2670 711 2703; x_wconf 91' lang='lat' dir='ltr'>:eos</span> <span class='ocrx_word' id='word_1_142' title='bbox 726 2667 900 2711; x_wconf 86' lang='lat' dir='ltr'>autem.</span> 
     </span>
     <span class='ocr_line' id='line_1_38' title="bbox 194 2717 907 2774; baseline 0.004 -13"><span class='ocrx_word' id='word_1_143' title='bbox 194 2717 279 2774; x_wconf 92' lang='lat' dir='ltr'>qui</span> <span class='ocrx_word' id='word_1_144' title='bbox 309 2717 487 2764; x_wconf 88' lang='lat' dir='ltr'>nollent</span> <span class='ocrx_word' id='word_1_145' title='bbox 515 2717 719 2764; x_wconf 82' lang='lat' dir='ltr'>transite</span> <span class='ocrx_word' id='word_1_146' title='bbox 746 2719 811 2763; x_wconf 90' lang='lat' dir='ltr'>ad</span> <span class='ocrx_word' id='word_1_147' title='bbox 839 2719 907 2764; x_wconf 88' lang='lat' dir='ltr'>in-</span> 
     </span>
     <span class='ocr_line' id='line_1_39' title="bbox 192 2776 907 2829; baseline 0.003 -8"><span class='ocrx_word' id='word_1_148' title='bbox 192 2776 360 2822; x_wconf 71' lang='lat' dir='ltr'>stituta</span> <span class='ocrx_word' id='word_1_149' title='bbox 419 2777 667 2829; x_wconf 73' lang='lat' dir='ltr'>Gentium,</span> <span class='ocrx_word' id='word_1_150' title='bbox 731 2777 907 2823; x_wconf 83' lang='lat' dir='ltr'>interfi-</span> 
     </span>
     <span class='ocr_line' id='line_1_40' title="bbox 190 2838 907 2904; baseline 0.007 -24"><span class='ocrx_word' id='word_1_151' title='bbox 190 2844 352 2904; x_wconf 70' lang='lat' dir='ltr'>cerent</span> <span class='ocrx_word' id='word_1_152' title='bbox 373 2850 385 2882; x_wconf 74' lang='grc' dir='ltr'><strong><em>ε</em></strong></span> <span class='ocrx_word' id='word_1_153' title='bbox 425 2845 530 2884; x_wconf 87' lang='lat' dir='ltr'>erat</span> <span class='ocrx_word' id='word_1_154' title='bbox 583 2849 701 2894; x_wconf 88' lang='lat' dir='ltr'>ergo</span> <span class='ocrx_word' id='word_1_155' title='bbox 751 2838 907 2885; x_wconf 76' lang='lat' dir='ltr'>videre</span> 
     </span>
    </p>
   </div>
   <div class='ocr_carea' id='block_1_5' title="bbox 188 2895 442 2948">
    <p class='ocr_par' dir='ltr' id='par_1_5' title="bbox 188 2895 442 2948">
     <span class='ocr_line' id='line_1_41' title="bbox 188 2895 442 2948; baseline 0.016 -4"><span class='ocrx_word' id='word_1_156' title='bbox 188 2895 442 2948; x_wconf 64' lang='lat' dir='ltr'>xmsfflam.</span> 
     </span>
    </p>
   </div>
   <div class='ocr_carea' id='block_1_6' title="bbox 1605 287 1705 341">
    <p class='ocr_par' dir='ltr' id='par_1_6' title="bbox 1605 287 1705 341">
     <span class='ocr_line' id='line_1_42' title="bbox 1605 287 1705 341; baseline 0.01 -1"><span class='ocrx_word' id='word_1_157' title='bbox 1605 287 1705 341; x_wconf 85' lang='lat'>24⁷</span> 
     </span>
    </p>
   </div>
   <div class='ocr_carea' id='block_1_7' title="bbox 986 413 1704 1437">
    <p class='ocr_par' dir='ltr' id='par_1_7' title="bbox 986 413 1704 1437">
     <span class='ocr_line' id='line_1_43' title="bbox 1232 413 1478 460; baseline 0.008 -2"><span class='ocrx_word' id='word_1_158' title='bbox 1232 413 1396 459; x_wconf 65' lang='lat' dir='ltr'>Lectio</span> <span class='ocrx_word' id='word_1_159' title='bbox 1420 415 1478 460; x_wconf 86' lang='lat' dir='ltr'>iii.</span> 
     </span>
     <span class='ocr_line' id='line_1_44' title="bbox 1153 490 1704 541; baseline 0.013 -7"><span class='ocrx_word' id='word_1_160' title='bbox 1153 490 1305 536; x_wconf 88' lang='lat' dir='ltr'>UAE</span> <span class='ocrx_word' id='word_1_161' title='bbox 1331 491 1456 537; x_wconf 89' lang='lat' dir='ltr'>enim</span> <span class='ocrx_word' id='word_1_162' title='bbox 1487 493 1704 541; x_wconf 80' lang='lat' dir='ltr'>mulieres</span> 
     </span>
     <span class='ocr_line' id='line_1_45' title="bbox 1176 550 1702 599; baseline 0.008 -4"><span class='ocrx_word' id='word_1_163' title='bbox 1176 550 1363 597; x_wconf 59' lang='lat' dir='ltr'>delatae</span> <span class='ocrx_word' id='word_1_164' title='bbox 1408 561 1519 598; x_wconf 90' lang='lat' dir='ltr'>sunt</span> <span class='ocrx_word' id='word_1_165' title='bbox 1565 564 1702 599; x_wconf 71' lang='lat' dir='ltr'>natos</span> 
     </span>
     <span class='ocr_line' id='line_1_46' title="bbox 995 609 1694 671; baseline 0.013 -20"><span class='ocrx_word' id='word_1_166' title='bbox 995 620 1108 652; x_wconf 88' lang='lat' dir='ltr'>suos</span> <span class='ocrx_word' id='word_1_167' title='bbox 1143 609 1521 657; x_wconf 83' lang='lat' dir='ltr'>circumcidisse:</span> <span class='ocrx_word' id='word_1_168' title='bbox 1564 627 1694 671; x_wconf 74' lang='lat' dir='ltr'>quas.</span> 
     </span>
     <span class='ocr_line' id='line_1_47' title="bbox 995 666 1697 718; baseline 0.013 -8"><span class='ocrx_word' id='word_1_169' title='bbox 995 666 1252 713; x_wconf 59' lang='lat' dir='ltr'>infamibus</span> <span class='ocrx_word' id='word_1_170' title='bbox 1296 672 1361 715; x_wconf 89' lang='lat' dir='ltr'>ad</span> <span class='ocrx_word' id='word_1_171' title='bbox 1407 671 1554 717; x_wconf 75' lang='lat' dir='ltr'>ubera</span> <span class='ocrx_word' id='word_1_172' title='bbox 1600 687 1697 718; x_wconf 87' lang='lat' dir='ltr'>sus-</span> 
     </span>
     <span class='ocr_line' id='line_1_48' title="bbox 994 726 1698 791; baseline 0.013 -22"><span class='ocrx_word' id='word_1_173' title='bbox 994 726 1165 786; x_wconf 75' lang='lat' dir='ltr'>pensis.</span> <span class='ocrx_word' id='word_1_174' title='bbox 1217 743 1327 774; x_wconf 91' lang='lat' dir='ltr'>cum</span> <span class='ocrx_word' id='word_1_175' title='bbox 1377 730 1566 790; x_wconf 73' lang='lat' dir='ltr'>publice</span> <span class='ocrx_word' id='word_1_176' title='bbox 1616 747 1698 791; x_wconf 88' lang='lat' dir='ltr'>per</span> 
     </span>
     <span class='ocr_line' id='line_1_49' title="bbox 992 786 1693 843; baseline 0.013 -14"><span class='ocrx_word' id='word_1_177' title='bbox 992 786 1228 832; x_wconf 62' lang='lat' dir='ltr'>civitatem</span> <span class='ocrx_word' id='word_1_178' title='bbox 1257 790 1693 843; x_wconf 78' lang='lat' dir='ltr'>circumduxissent.</span> 
     </span>
     <span class='ocr_line' id='line_1_50' title="bbox 992 850 1691 908; baseline 0.014 -20"><span class='ocrx_word' id='word_1_179' title='bbox 992 858 1077 901; x_wconf 89' lang='lat' dir='ltr'>per</span> <span class='ocrx_word' id='word_1_180' title='bbox 1086 860 1245 892; x_wconf 91' lang='lat' dir='ltr'>muros</span> <span class='ocrx_word' id='word_1_181' title='bbox 1254 850 1691 908; x_wconf 78' lang='lat' dir='ltr'>praecipitaverunt.</span> 
     </span>
     <span class='ocr_line' id='line_1_51' title="bbox 991 904 1696 966; baseline 0.014 -20"><span class='ocrx_word' id='word_1_182' title='bbox 991 904 1085 947; x_wconf 91' lang='lat' dir='ltr'>Alii</span> <span class='ocrx_word' id='word_1_183' title='bbox 1115 919 1236 957; x_wconf 86' lang='lat' dir='ltr'>vero,</span> <span class='ocrx_word' id='word_1_184' title='bbox 1262 908 1326 951; x_wconf 88' lang='lat' dir='ltr'>ad</span> <span class='ocrx_word' id='word_1_185' title='bbox 1357 909 1594 966; x_wconf 81' lang='lat' dir='ltr'>proximas</span> <span class='ocrx_word' id='word_1_186' title='bbox 1619 926 1696 955; x_wconf 87' lang='lat' dir='ltr'>co-</span> 
     </span>
     <span class='ocr_line' id='line_1_52' title="bbox 991 962 1697 1023; baseline 0.011 -16"><span class='ocrx_word' id='word_1_187' title='bbox 991 962 1158 1009; x_wconf 79' lang='lat' dir='ltr'>euntes</span> <span class='ocrx_word' id='word_1_188' title='bbox 1171 966 1485 1023; x_wconf 74' lang='lat' dir='ltr'>spelunoes.et</span> <span class='ocrx_word' id='word_1_189' title='bbox 1498 970 1697 1015; x_wconf 75' lang='lat' dir='ltr'>latenter</span> 
     </span>
     <span class='ocr_line' id='line_1_53' title="bbox 990 1022 1690 1080; baseline 0.01 -12"><span class='ocrx_word' id='word_1_190' title='bbox 990 1022 1179 1069; x_wconf 63' lang='lat' dir='ltr'>sabbati</span> <span class='ocrx_word' id='word_1_191' title='bbox 1220 1025 1345 1069; x_wconf 90' lang='lat' dir='ltr'>diem</span> <span class='ocrx_word' id='word_1_192' title='bbox 1386 1028 1690 1080; x_wconf 66' lang='lat' dir='ltr'>celebrantes.</span> 
     </span>
     <span class='ocr_line' id='line_1_54' title="bbox 989 1083 1698 1146; baseline 0.01 -20"><span class='ocrx_word' id='word_1_193' title='bbox 989 1096 1101 1127; x_wconf 92' lang='lat' dir='ltr'>cum</span> <span class='ocrx_word' id='word_1_194' title='bbox 1122 1083 1314 1129; x_wconf 58' lang='lat' dir='ltr'>indicati</span> <span class='ocrx_word' id='word_1_195' title='bbox 1334 1096 1490 1132; x_wconf 87' lang='lat' dir='ltr'>essent</span> <span class='ocrx_word' id='word_1_196' title='bbox 1524 1088 1698 1146; x_wconf 87' lang='lat' dir='ltr'>Philip-</span> 
     </span>
     <span class='ocr_line' id='line_1_55' title="bbox 988 1143 1689 1199; baseline 0.011 -14"><span class='ocrx_word' id='word_1_197' title='bbox 988 1156 1067 1199; x_wconf 86' lang='lat' dir='ltr'>po.</span> <span class='ocrx_word' id='word_1_198' title='bbox 1095 1143 1299 1189; x_wconf 85' lang='lat' dir='ltr'>flammis</span> <span class='ocrx_word' id='word_1_199' title='bbox 1326 1146 1538 1192; x_wconf 78' lang='lat' dir='ltr'>succensi</span> <span class='ocrx_word' id='word_1_200' title='bbox 1565 1157 1689 1198; x_wconf 87' lang='lat' dir='ltr'>sunt,</span> 
     </span>
     <span class='ocr_line' id='line_1_56' title="bbox 988 1204 1695 1266; baseline 0.011 -21"><span class='ocrx_word' id='word_1_201' title='bbox 988 1215 1046 1246; x_wconf 90' lang='lat' dir='ltr'>eo</span> <span class='ocrx_word' id='word_1_202' title='bbox 1063 1204 1195 1259; x_wconf 90' lang='lat' dir='ltr'>quod</span> <span class='ocrx_word' id='word_1_203' title='bbox 1212 1204 1490 1251; x_wconf 66' lang='lat' dir='ltr'>verebeintur</span> <span class='ocrx_word' id='word_1_204' title='bbox 1503 1216 1695 1266; x_wconf 87' lang='lat' dir='ltr'>propter</span> 
     </span>
     <span class='ocr_line' id='line_1_57' title="bbox 987 1262 1688 1319; baseline 0.013 -14"><span class='ocrx_word' id='word_1_205' title='bbox 987 1262 1262 1319; x_wconf 82' lang='lat' dir='ltr'>religionem</span> <span class='ocrx_word' id='word_1_206' title='bbox 1271 1273 1318 1310; x_wconf 91' lang='lat' dir='ltr'>et</span> <span class='ocrx_word' id='word_1_207' title='bbox 1327 1265 1688 1319; x_wconf 59' lang='lat' dir='ltr'>observAntiam.</span> 
     </span>
     <span class='ocr_line' id='line_1_58' title="bbox 986 1323 1692 1371; baseline 0.01 -6"><span class='ocrx_word' id='word_1_208' title='bbox 986 1334 1134 1367; x_wconf 87' lang='lat' dir='ltr'>manu</span> <span class='ocrx_word' id='word_1_209' title='bbox 1205 1323 1393 1370; x_wconf 80' lang='lat' dir='ltr'>sibimet</span> <span class='ocrx_word' id='word_1_210' title='bbox 1462 1327 1692 1371; x_wconf 83' lang='lat' dir='ltr'>auxilium</span> 
     </span>
     <span class='ocr_line' id='line_1_59' title="bbox 986 1379 1685 1437; baseline 0.011 -14"><span class='ocrx_word' id='word_1_211' title='bbox 986 1379 1117 1426; x_wconf 82' lang='lat' dir='ltr'>ferre.</span> <span class='ocrx_word' id='word_1_212' title='bbox 1184 1381 1397 1429; x_wconf 84' lang='lat' dir='ltr'>Obsecro</span> <span class='ocrx_word' id='word_1_213' title='bbox 1413 1394 1573 1431; x_wconf 89' lang='lat' dir='ltr'>autem</span> <span class='ocrx_word' id='word_1_214' title='bbox 1591 1400 1685 1437; x_wconf 85' lang='lat' dir='ltr'>eos.</span> 
     </span>
    </p>
   </div>
   <div class='ocr_carea' id='block_1_8' title="bbox 985 1441 1767 1497">
    <p class='ocr_par' dir='ltr' id='par_1_8' title="bbox 985 1441 1767 1497">
     <span class='ocr_line' id='line_1_60' title="bbox 985 1441 1767 1497; baseline 0.009 -13"><span class='ocrx_word' id='word_1_215' title='bbox 985 1441 1068 1497; x_wconf 92' lang='lat' dir='ltr'>qui</span> <span class='ocrx_word' id='word_1_216' title='bbox 1120 1441 1248 1487; x_wconf 89' lang='lat' dir='ltr'>hunc</span> <span class='ocrx_word' id='word_1_217' title='bbox 1298 1443 1470 1489; x_wconf 88' lang='lat' dir='ltr'>librum</span> <span class='ocrx_word' id='word_1_218' title='bbox 1525 1445 1691 1490; x_wconf 66' lang='lat' dir='ltr'>lecturi</span> <span class='ocrx_word' id='word_1_219' title='bbox 1764 1469 1767 1471; x_wconf 97' lang='lat'>·</span> 
     </span>
    </p>
   </div>
   <div class='ocr_carea' id='block_1_9' title="bbox 983 1503 1692 1841">
    <p class='ocr_par' dir='ltr' id='par_1_9' title="bbox 983 1503 1692 1841">
     <span class='ocr_line' id='line_1_61' title="bbox 984 1503 1690 1562; baseline 0.011 -19"><span class='ocrx_word' id='word_1_220' title='bbox 984 1508 1109 1553; x_wconf 84' lang='lat' dir='ltr'>sunt,</span> <span class='ocrx_word' id='word_1_221' title='bbox 1137 1515 1196 1546; x_wconf 91' lang='lat' dir='ltr'>ne</span> <span class='ocrx_word' id='word_1_222' title='bbox 1215 1503 1552 1549; x_wconf 77' lang='lat' dir='ltr'>abhorrescant</span> <span class='ocrx_word' id='word_1_223' title='bbox 1583 1519 1690 1562; x_wconf 88' lang='lat' dir='ltr'>pro-</span> 
     </span>
     <span class='ocr_line' id='line_1_62' title="bbox 985 1561 1690 1616; baseline 0.01 -14"><span class='ocrx_word' id='word_1_224' title='bbox 985 1567 1089 1616; x_wconf 90' lang='lat' dir='ltr'>pter</span> <span class='ocrx_word' id='word_1_225' title='bbox 1105 1561 1328 1607; x_wconf 74' lang='lat' dir='ltr'>adversos</span> <span class='ocrx_word' id='word_1_226' title='bbox 1344 1576 1496 1615; x_wconf 87' lang='lat' dir='ltr'>casus,</span> <span class='ocrx_word' id='word_1_227' title='bbox 1519 1565 1603 1609; x_wconf 91' lang='lat' dir='ltr'>sed</span> <span class='ocrx_word' id='word_1_228' title='bbox 1620 1565 1690 1609; x_wconf 74' lang='lat' dir='ltr'>re-</span> 
     </span>
     <span class='ocr_line' id='line_1_63' title="bbox 985 1623 1683 1676; baseline 0.007 -14"><span class='ocrx_word' id='word_1_229' title='bbox 985 1626 1377 1676; x_wconf 82' lang='lat' dir='ltr'>putent.ea‚quae</span> <span class='ocrx_word' id='word_1_230' title='bbox 1396 1623 1683 1672; x_wconf 76' lang='lat' dir='ltr'>acciderunt.</span> 
     </span>
     <span class='ocr_line' id='line_1_64' title="bbox 984 1678 1689 1732; baseline 0.007 -11"><span class='ocrx_word' id='word_1_231' title='bbox 984 1690 1083 1722; x_wconf 87' lang='lat' dir='ltr'>non</span> <span class='ocrx_word' id='word_1_232' title='bbox 1115 1678 1180 1722; x_wconf 88' lang='lat' dir='ltr'>ad</span> <span class='ocrx_word' id='word_1_233' title='bbox 1217 1678 1470 1732; x_wconf 76' lang='lat' dir='ltr'>interitum,</span> <span class='ocrx_word' id='word_1_234' title='bbox 1510 1681 1593 1725; x_wconf 90' lang='lat' dir='ltr'>sed</span> <span class='ocrx_word' id='word_1_235' title='bbox 1627 1682 1689 1726; x_wconf 90' lang='lat' dir='ltr'>ad</span> 
     </span>
     <span class='ocr_line' id='line_1_65' title="bbox 983 1737 1692 1798; baseline 0.007 -18"><span class='ocrx_word' id='word_1_236' title='bbox 983 1737 1329 1793; x_wconf 82' lang='lat' dir='ltr'>correptionem</span> <span class='ocrx_word' id='word_1_237' title='bbox 1368 1752 1471 1783; x_wconf 59' lang='lat' dir='ltr'>esse</span> <span class='ocrx_word' id='word_1_238' title='bbox 1508 1740 1692 1798; x_wconf 77' lang='lat' dir='ltr'>generis</span> 
     </span>
     <span class='ocr_line' id='line_1_66' title="bbox 983 1804 1146 1841; baseline 0 0"><span class='ocrx_word' id='word_1_239' title='bbox 983 1804 1146 1841; x_wconf 75' lang='lat' dir='ltr'>nostri.</span> 
     </span>
    </p>
   </div>
   <div class='ocr_carea' id='block_1_10' title="bbox 1249 1882 1426 1890">
    <p class='ocr_par' dir='ltr' id='par_1_10' title="bbox 1249 1882 1426 1890">
     <span class='ocr_line' id='line_1_67' title="bbox 1249 1882 1426 1890; baseline 0 0"><span class='ocrx_word' id='word_1_240' title='bbox 1249 1882 1426 1890; x_wconf 73' lang='lat'>———</span> 
     </span>
    </p>
   </div>
   <div class='ocr_carea' id='block_1_11' title="bbox 974 1940 1692 2525">
    <p class='ocr_par' dir='ltr' id='par_1_11' title="bbox 974 1940 1692 2525">
     <span class='ocr_line' id='line_1_68' title="bbox 1185 1940 1485 1991; baseline 0.017 -5"><span class='ocrx_word' id='word_1_241' title='bbox 1185 1940 1485 1991; x_wconf 89' lang='lat' dir='ltr'>SABBATO</span> 
     </span>
     <span class='ocr_line' id='line_1_69' title="bbox 986 2003 1692 2051; baseline 0.007 -5"><span class='ocrx_word' id='word_1_242' title='bbox 986 2012 1099 2047; x_wconf 85' lang='lat' dir='ltr'>ante</span> <span class='ocrx_word' id='word_1_243' title='bbox 1138 2003 1436 2049; x_wconf 82' lang='lat' dir='ltr'>Dominicam</span> <span class='ocrx_word' id='word_1_244' title='bbox 1471 2019 1510 2050; x_wconf 87' lang='lat' dir='ltr'>v.</span> <span class='ocrx_word' id='word_1_245' title='bbox 1545 2005 1692 2051; x_wconf 72' lang='lat' dir='ltr'>Octo-</span> 
     </span>
     <span class='ocr_line' id='line_1_70' title="bbox 1047 2063 1684 2116; baseline 0.009 -11"><span class='ocrx_word' id='word_1_246' title='bbox 1047 2063 1142 2107; x_wconf 84' lang='lat' dir='ltr'>bris</span> <span class='ocrx_word' id='word_1_247' title='bbox 1174 2066 1261 2109; x_wconf 88' lang='lat' dir='ltr'>nisi</span> <span class='ocrx_word' id='word_1_248' title='bbox 1298 2067 1355 2110; x_wconf 85' lang='lat' dir='ltr'>sit</span> <span class='ocrx_word' id='word_1_249' title='bbox 1390 2067 1684 2116; x_wconf 84' lang='lat' dir='ltr'>dimittenda,</span> 
     </span>
     <span class='ocr_line' id='line_1_71' title="bbox 1044 2125 1688 2182; baseline 0.006 -15"><span class='ocrx_word' id='word_1_250' title='bbox 1044 2125 1158 2179; x_wconf 84' lang='lat' dir='ltr'>quia</span> <span class='ocrx_word' id='word_1_251' title='bbox 1191 2126 1308 2169; x_wconf 85' lang='lat' dir='ltr'>haec</span> <span class='ocrx_word' id='word_1_252' title='bbox 1342 2128 1600 2182; x_wconf 85' lang='lat' dir='ltr'>proximior</span> <span class='ocrx_word' id='word_1_253' title='bbox 1630 2127 1688 2172; x_wconf 90' lang='lat' dir='ltr'>sit</span> 
     </span>
     <span class='ocr_line' id='line_1_72' title="bbox 1049 2184 1597 2231; baseline 0.011 -6"><span class='ocrx_word' id='word_1_254' title='bbox 1049 2184 1280 2229; x_wconf 83' lang='lat' dir='ltr'>Kalendis</span> <span class='ocrx_word' id='word_1_255' title='bbox 1304 2186 1597 2231; x_wconf 84' lang='lat' dir='ltr'>Novembris.</span> 
     </span>
     <span class='ocr_line' id='line_1_73' title="bbox 1042 2241 1683 2303; baseline 0.003 -16"><span class='ocrx_word' id='word_1_256' title='bbox 1042 2244 1122 2287; x_wconf 86' lang='lat' dir='ltr'>Ad</span> <span class='ocrx_word' id='word_1_257' title='bbox 1133 2244 1350 2303; x_wconf 62' lang='lat' dir='ltr'>Magnis„</span> <span class='ocrx_word' id='word_1_258' title='bbox 1365 2241 1601 2291; x_wconf 76' lang='lat' dir='ltr'>Afia.Tua</span> <span class='ocrx_word' id='word_1_259' title='bbox 1612 2252 1683 2289; x_wconf 89' lang='lat' dir='ltr'>est</span> 
     </span>
     <span class='ocr_line' id='line_1_74' title="bbox 978 2296 1682 2359; baseline 0.007 -17"><span class='ocrx_word' id='word_1_260' title='bbox 978 2296 1203 2355; x_wconf 70' lang='lat' dir='ltr'>potentia,</span> <span class='ocrx_word' id='word_1_261' title='bbox 1218 2307 1354 2346; x_wconf 87' lang='lat' dir='ltr'>tuum</span> <span class='ocrx_word' id='word_1_262' title='bbox 1366 2314 1569 2359; x_wconf 87' lang='lat' dir='ltr'>regnum</span> <span class='ocrx_word' id='word_1_263' title='bbox 1585 2303 1682 2347; x_wconf 80' lang='lat' dir='ltr'>Do-</span> 
     </span>
     <span class='ocr_line' id='line_1_75' title="bbox 977 2358 1684 2418; baseline 0.006 -17"><span class='ocrx_word' id='word_1_264' title='bbox 977 2358 1117 2411; x_wconf 88' lang='lat' dir='ltr'>mine,</span> <span class='ocrx_word' id='word_1_265' title='bbox 1160 2367 1212 2404; x_wconf 89' lang='lat' dir='ltr'>tu</span> <span class='ocrx_word' id='word_1_266' title='bbox 1247 2373 1299 2405; x_wconf 89' lang='lat' dir='ltr'>es</span> <span class='ocrx_word' id='word_1_267' title='bbox 1339 2374 1481 2418; x_wconf 90' lang='lat' dir='ltr'>super</span> <span class='ocrx_word' id='word_1_268' title='bbox 1515 2374 1684 2405; x_wconf 90' lang='lat' dir='ltr'>omnes</span> 
     </span>
     <span class='ocr_line' id='line_1_76' title="bbox 974 2419 1682 2476; baseline 0.004 -15"><span class='ocrx_word' id='word_1_269' title='bbox 974 2425 1141 2474; x_wconf 87' lang='lat' dir='ltr'>gentes</span> <span class='ocrx_word' id='word_1_270' title='bbox 1165 2433 1175 2462; x_wconf 94' lang='lat'><strong>:</strong></span> <span class='ocrx_word' id='word_1_271' title='bbox 1198 2419 1263 2463; x_wconf 79' lang='lat' dir='ltr'>da</span> <span class='ocrx_word' id='word_1_272' title='bbox 1282 2432 1453 2476; x_wconf 88' lang='lat' dir='ltr'>pacem</span> <span class='ocrx_word' id='word_1_273' title='bbox 1476 2420 1682 2465; x_wconf 80' lang='lat' dir='ltr'>Domine</span> 
     </span>
     <span class='ocr_line' id='line_1_77' title="bbox 975 2477 1421 2525; baseline 0.009 -5"><span class='ocrx_word' id='word_1_274' title='bbox 975 2477 1023 2521; x_wconf 89' lang='lat' dir='ltr'>in</span> <span class='ocrx_word' id='word_1_275' title='bbox 1046 2478 1213 2523; x_wconf 76' lang='lat' dir='ltr'>diebus</span> <span class='ocrx_word' id='word_1_276' title='bbox 1234 2479 1421 2525; x_wconf 83' lang='lat' dir='ltr'>nostriS.</span> 
     </span>
    </p>
   </div>
   <div class='ocr_carea' id='block_1_12' title="bbox 1239 2568 1417 2579">
    <p class='ocr_par' dir='ltr' id='par_1_12' title="bbox 1239 2568 1417 2579">
     <span class='ocr_line' id='line_1_78' title="bbox 1239 2568 1417 2579; baseline 0 0"><span class='ocrx_word' id='word_1_277' title='bbox 1239 2568 1417 2579; x_wconf 95' lang='lat' dir='ltr'> </span> 
     </span>
    </p>
   </div>
   <div class='ocr_carea' id='block_1_13' title="bbox 1114 2627 1539 2737">
    <p class='ocr_par' dir='ltr' id='par_1_13' title="bbox 1114 2627 1539 2737">
     <span class='ocr_line' id='line_1_79' title="bbox 1114 2627 1539 2675; baseline 0.007 -4"><span class='ocrx_word' id='word_1_278' title='bbox 1114 2627 1458 2674; x_wconf 88' lang='lat' dir='ltr'>DOM1N1CA</span> <span class='ocrx_word' id='word_1_279' title='bbox 1481 2629 1539 2675; x_wconf 90' lang='lat' dir='ltr'>V.</span> 
     </span>
     <span class='ocr_line' id='line_1_80' title="bbox 1208 2690 1447 2737; baseline 0 -1"><span class='ocrx_word' id='word_1_280' title='bbox 1208 2690 1447 2737; x_wconf 68' lang='lat' dir='ltr'>Odtobris.</span> 
     </span>
    </p>
   </div>
   <div class='ocr_carea' id='block_1_14' title="bbox 1074 2754 1587 2825">
    <p class='ocr_par' dir='ltr' id='par_1_14' title="bbox 1074 2754 1587 2825">
     <span class='ocr_line' id='line_1_81' title="bbox 1074 2754 1587 2825; baseline 0.012 -15"><span class='ocrx_word' id='word_1_281' title='bbox 1074 2767 1128 2811; x_wconf 88' lang='lat' dir='ltr'>In</span> <span class='ocrx_word' id='word_1_282' title='bbox 1148 2767 1303 2825; x_wconf 85' lang='lat' dir='ltr'>primo</span> <span class='ocrx_word' id='word_1_283' title='bbox 1325 2754 1587 2816; x_wconf 62' lang='lat' dir='ltr'>Nocturno.</span> 
     </span>
    </p>
   </div>
   <div class='ocr_carea' id='block_1_15' title="bbox 994 2839 1662 2951">
    <p class='ocr_par' dir='ltr' id='par_1_15' title="bbox 994 2839 1662 2951">
     <span class='ocr_line' id='line_1_82' title="bbox 994 2839 1662 2890; baseline 0.01 -7"><span class='ocrx_word' id='word_1_284' title='bbox 994 2839 1069 2884; x_wconf 90' lang='lat' dir='ltr'>De</span> <span class='ocrx_word' id='word_1_285' title='bbox 1089 2839 1209 2884; x_wconf 89' lang='lat' dir='ltr'>libro</span> <span class='ocrx_word' id='word_1_286' title='bbox 1231 2839 1442 2887; x_wconf 72' lang='lat' dir='ltr'>secundo</span> <span class='ocrx_word' id='word_1_287' title='bbox 1465 2843 1662 2890; x_wconf 84' lang='lat' dir='ltr'>Macha-</span> 
     </span>
     <span class='ocr_line' id='line_1_83' title="bbox 1196 2900 1542 2951; baseline 0.014 -4"><span class='ocrx_word' id='word_1_288' title='bbox 1196 2900 1439 2951; x_wconf 77' lang='lat' dir='ltr'>baeorum.</span> <span class='ocrx_word' id='word_1_289' title='bbox 1537 2930 1542 2935; x_wconf 85' lang='lat'><strong>·</strong></span> 
     </span>
    </p>
   </div>
  </div>
 </body>
</html>
