2050 3392
208 422 428 469 videlicet
462 423 525 468 ab
558 424 686 468 omni
722 423 917 483 hujusce

207 483 335 529 vitae
348 491 397 528 et
410 483 564 528 carnis
584 484 913 542 concupiscen-

208 543 281 588 tia
293 550 503 589 mentem
517 543 834 596 abstraxisset,
849 551 918 589 at—

210 615 308 660 que
333 603 400 648 ita
426 601 652 659 virginem
683 617 780 648 una
809 616 917 648 curn

210 662 413 720 cerpore
424 661 635 708 animam
647 663 919 708 conservas-

211 729 298 773 set,
326 729 379 766 ut
408 735 517 766 eam
545 722 758 773 decebat,
795 737 918 780 quae

212 781 373 826 Deum
406 781 515 827 sinu
544 795 632 826 suo
663 781 920 840 exceptura

212 848 329 886 erat.

273 893 342 953 W.
382 900 515 945 Sicut
532 901 700 946 cedrus
714 900 920 946 exaltata

213 972 319 1005 sum
340 959 389 1004 in
414 960 616 1012 Libano,
642 968 689 1005 et
706 962 826 1006 sicut
843 975 919 1018 cy-

210 1018 401 1077 pressus
453 1019 498 1063 in
552 1028 715 1064 monte
768 1020 884 1065 Sion
906 1035 916 1064 :

210 1079 347 1136 quasi
362 1079 556 1136 myrrha
570 1079 733 1132 eleeta‚
751 1073 778 1096 ⁴*
795 1080 917 1124 Dedi

208 1137 493 1183 suavitatem
518 1137 693 1183 oderis.
756 1130 818 1190 Y·
858 1139 918 1183 Et

208 1197 332 1242 sicut
341 1198 697 1242 cinnamemum
709 1206 755 1243 et
768 1197 921 1244 belsa-

208 1270 343 1301 mum
365 1256 900 1303 aromatizans—Dedi.

222 1341 297 1385 Ex
329 1341 452 1386 libro
483 1341 634 1386 saneti
668 1342 906 1388 Ambrosii

251 1400 482 1458 Episcopi
504 1402 565 1446 de
587 1400 874 1458 Virginibus.

299 1460 405 1504 Lib.
433 1473 474 1504 2.
495 1464 599 1519 post
619 1461 835 1505 inillam.

461 1529 622 1573 Lec‘tio
641 1544 682 1578 v.

335 1612 490 1657 ALIS
531 1612 619 1658 fuit
656 1612 827 1664 Maria,
865 1621 918 1657 ut

370 1673 472 1731 eJus
488 1670 631 1718 unius
651 1672 749 1717 vita
769 1672 919 1719 omni-

206 1745 293 1778 um
314 1732 375 1778 sit
396 1732 663 1790 disciplina.
707 1732 758 1777 Si
778 1732 921 1790 igitur

204 1790 382 1838 aue‘tor
411 1805 509 1837 non
539 1791 771 1849 displicet,
798 1806 919 1849 opus

205 1850 466 1910 probemus
487 1865 497 1895 :
519 1860 571 1897 ut
593 1850 921 1909 quaecumque

207 1911 296 1957 sibi
312 1912 415 1969 eJus
427 1910 620 1968 exoptat
637 1911 914 1968 praemium,

205 1969 419 2016 imitetur
437 1970 719 2027 exemplum.
756 1968 920 2024 Quan-

207 2038 288 2074 tae
320 2029 368 2073 in
398 2042 497 2074 una
526 2029 707 2087 virgine
737 2029 919 2087 species

206 2088 435 2134 virtutum
478 2088 682 2134 emicant
704 2091 714 2133 !
759 2089 918 2134 Secre-

206 2158 314 2194 tum
343 2147 666 2199 verecundiae,
694 2148 916 2193 vexillum

204 2208 335 2259 fidei,
344 2207 608 2253 devotionis
617 2208 897 2266 obsequium
907 2224 916 2252 :

206 2269 344 2325 virgo
367 2267 489 2312 intra
517 2269 730 2319 domum,
757 2281 918 2313 comes

207 2328 273 2372 ad
306 2326 630 2380 ministerium,
667 2335 821 2372 mater
855 2328 917 2372 ad

208 2386 456 2444 templum.
524 2385 570 2432 Ο
609 2387 799 2445 quantis
840 2387 916 2431 illa

206 2446 472 2504 virginibus
496 2445 709 2491 occurret
733 2448 742 2491 l
769 2460 916 2504 quan-

207 2514 284 2551 tas
304 2505 554 2562 complexa
572 2507 638 2550 ad
657 2506 916 2551 Dominum

207 2565 379 2615 trahet,
404 2565 591 2610 dicens:
613 2566 748 2609 Haec
760 2573 915 2610 torum

206 2623 293 2670 filii
316 2624 425 2675 mei,
447 2622 565 2669 haec
582 2624 817 2669 thalamos
832 2636 918 2668 nu-

207 2683 379 2742 ptiales
402 2683 735 2728 immaculatos
762 2683 916 2728 serve.-

207 2744 271 2789 vit
331 2742 495 2788 udore.

301 2847 304 2852 ,
328 2830 338 2840 ·
382 2801 522 2856 Quae
552 2809 623 2845 est
653 2800 757 2853 ista,
793 2814 916 2859 quae

206 2859 441 2921 processit
455 2860 576 2905 sicut
586 2860 670 2912 sol,
685 2869 734 2906 et
743 2860 915 2906 forme-

204 2936 262 2968 sa
288 2930 541 2977 tamquam
563 2918 860 2981 Jerusalem?
884 2913 912 2935 *

327 287 444 342 Die
466 302 539 340 21
562 287 731 355 Nov„
755 289 1233 344 Praesentationis
1258 290 1325 345 B.
1348 292 1425 345 M
1421 334 1433 346 ·
1463 292 1520 346 V·
1591 305 1694 363 557

980 425 1213 471 Viderunt
1249 440 1354 472 eam
1389 427 1515 473 filiae
1553 428 1684 479 Sion,

980 494 1028 530 et
1061 486 1250 532 beatam
1279 487 1508 541 dixerunt,
1542 495 1589 532 et
1621 501 1692 532 re-

980 543 1122 602 ginae
1144 545 1451 592 laudaverunt
1472 560 1594 592 eam.
1623 539 1686 600 W-

984 605 1044 649 Et
1066 605 1187 650 sicut
1208 606 1308 651 dies
1338 606 1463 651 verni
1491 605 1691 651 circum-

981 664 1160 710 dabant
1181 678 1286 710 eam
1308 665 1448 711 flores
1475 666 1689 711 rosarum

981 731 1028 768 et
1050 723 1145 769 lilia
1165 725 1462 770 convallium.
1476 725 1690 773 —Vide-

982 791 1106 830 runt.

1212 869 1384 921 Lee'tio
1403 872 1463 919 vi.

1123 960 1247 1004 UID
1260 974 1375 1019 ergo
1394 960 1602 1020 exequar
1623 962 1688 1008 ci-

1141 1019 1311 1065 borum
1329 1021 1679 1078 parsimoniam,

982 1091 1012 1123 o
1066 1077 1245 1125 clerum
1284 1080 1646 1125 redundantiam
1676 1095 1686 1125 :

982 1137 1183 1184 alterum
1211 1140 1337 1184 ultra
1364 1139 1582 1184 naturam
1613 1153 1692 1184 su-

982 1198 1224 1255 perfuisse,
1247 1199 1445 1244 alterum
1463 1212 1585 1257 pene
1600 1200 1687 1257 ipsi

984 1257 1183 1303 naturae
1197 1258 1432 1304 defuisse?
1446 1258 1545 1303 Illic
1559 1259 1691 1304 nulla

983 1317 1690 1376 intermissatempora,hiccon-

982 1376 1250 1434 geminatos
1267 1377 1447 1437 Je‘t'inio
1468 1378 1582 1423 dies.
1626 1378 1688 1423 Et

984 1437 1021 1480 si
1039 1438 1236 1495 quando
1251 1451 1300 1482 re
1334 1436 1486 1482 ciendi
1505 1450 1690 1482 succes-

983 1495 1121 1540 sisset
1157 1496 1387 1548 volt'intas,
1429 1496 1562 1541 cibus
1592 1497 1690 1554 ple-

983 1553 1185 1612 rumque
1197 1555 1377 1605 obvius,
1393 1556 1472 1612 qui
1489 1564 1688 1601 mortem

984 1613 1176 1666 arceret,
1206 1627 1303 1659 non
1332 1614 1527 1659 delicias
1554 1615 1690 1658 mini-

986 1672 1166 1719 straret.
1211 1672 1431 1719 Dormire
1448 1686 1543 1718 non
1557 1673 1690 1731 prius

984 1732 1236 1789 eupiditaS,
1262 1747 1407 1790 quarn
1436 1733 1689 1778 necessitas

985 1791 1097 1839 fuit:
1120 1799 1166 1837 et
1187 1800 1467 1838 tamencum
1482 1792 1690 1850 quiesce-

985 1859 1054 1896 ret
1095 1865 1282 1910 corpus,
1329 1850 1540 1909 vigilaret
1590 1851 1690 1897 ani-

985 1924 1091 1956 mus
1135 1926 1145 1956 :
1194 1913 1274 1970 qui
1329 1911 1594 1969 frequenter
1640 1912 1688 1955 in

984 1972 1164 2016 somnis
1177 1979 1260 2016 aut
1277 1971 1400 2016 leeta
1416 1971 1686 2030 repetit,aut

983 2043 1154 2075 somno
1220 2030 1395 2076 interni
1432 2038 1482 2076 ta
1539 2032 1688 2076 conti-

984 2098 1112 2142 nuat,
1155 2098 1237 2136 aut
1278 2045 1509 2148 dispesita
1548 2090 1681 2148 gerit,

983 2158 1066 2195 aut
1120 2149 1295 2195 erenda
1312 2150 1627 2207 praenuntiat.

1104 2241 1112 2248 .
1156 2209 1390 2255 Ornatam
1433 2210 1689 2256 monilibus

983 2267 1403 2330 sssiamJert'isalem
1423 2269 1559 2314 Dilus
1574 2282 1689 2313 con·

981 2327 1159 2384 cupivit
1183 2342 1193 2372 :
1218 2324 1244 2349 ⁴*
1267 2328 1328 2373 Et
1350 2329 1562 2372 videntes
1579 2342 1686 2372 eam

982 2385 1108 2431 filiae
1171 2387 1301 2438 Sion,
1364 2387 1687 2432 beatissimam

982 2445 1386 2502 praedicaverunt,
1405 2445 1615 2490 dicentes
1630 2460 1640 2490 ε
1657 2440 1689 2466 ⁴*

986 2503 1298 2561 Unguentum
1348 2503 1549 2549 effusum
1603 2517 1687 2549 no-

981 2576 1090 2608 men
1114 2572 1262 2607 tuum.
1300 2558 1361 2616 ,V-
1382 2563 1543 2607 Astitit
1566 2562 1687 2621 regi-

982 2636 1045 2667 na
1064 2636 1095 2667 a
1115 2622 1292 2667 dextris
1311 2621 1405 2666 tuis
1435 2622 1483 2665 in
1514 2623 1687 2667 vestitu

981 2680 1226 2732 deaurato,
1241 2679 1531 2726 circumdata
1543 2682 1687 2726 varie-

980 2741 1221 2787 tate—Et
1243 2739 1469 2785 videntes.
1525 2739 1688 2788 (Aeria

984 2800 1124 2847 Patri.
1172 2798 1498 2859 Unguentum.

1042 2854 1098 2899 In
1127 2854 1265 2901 tertio
1289 2851 1554 2907 Noenu-no,
1585 2855 1690 2900 Ho-

981 2916 1109 2961 milia
1173 2916 1467 2963 Venerabilis
1536 2917 1694 2962 Bedae
