2050 3392
163 601 166 628 l

584 282 636 333 S
634 282 823 336 abbata
846 284 929 337 ad
942 285 1182 340 Laudes.

266 398 334 443 De
382 399 517 447 vinea
556 402 887 457 Sodomdrum,

1577 304 1674 358 133

1019 408 1070 453 Si
1093 407 1268 455 acuero
1297 417 1351 454 ut
1381 409 1539 467 fulgur
1566 409 1670 467 gla-

210 456 333 503 vinea
351 459 561 513 mrumst
583 470 628 507 et
650 464 710 508 de
730 465 895 509 subur·
962 467 1093 511 dium
1114 482 1288 520 meum.
1305 467 1332 492 ⁴*
1353 477 1399 514 et
1422 468 1668 528 arripuerit

163 519 166 580 Ι
210 515 331 563 banis
351 519 646 566 Gomdrrhae
672 537 682 567 :

265 577 363 623 Uva
377 580 540 625 edrum
556 594 649 626 uva
665 581 832 637 fellisst*
847 592 892 629 et

208 634 316 681 botri
335 639 630 685 amarissimi.

258 695 292 739 F
292 697 331 741 el
351 699 613 744 dracdnum
634 701 794 746 vinum
814 701 894 748 ed·-

208 755 342 807 rum,*
357 767 402 802 et
415 759 649 805 venenum
670 760 891 819 aspidum

163 829 166 846 ν
206 812 458 863 insanabile.

161 901 164 988 l

159 1367 163 1458 Ι

257 874 419 921 Nonne
433 878 554 924 haec
569 878 766 925 cdndita
780 889 891 926 sunt

206 936 320 989 apud
357 936 479 989 mestb
520 947 569 983 et
611 939 802 996 signata
842 941 891 985 in

206 992 415 1041 thesauris
435 998 554 1043 meis
577 999 596 1043 ?

257 1051 360 1099 Mea
378 1064 447 1101 est
467 1055 601 1110 ultio,
630 1065 678 1102 et
699 1071 790 1115 ego
821 1072 891 1103 re-

205 1109 387 1159 tribuam
408 1116 454 1160 in
476 1116 742 1174 tcmpore,*
754 1125 808 1163 ut
824 1119 891 1163 la-

203 1168 328 1216 batur
345 1188 425 1231 pes
445 1175 614 1221 ectum
643 1191 654 1222 :

246 1230 383 1291 Juxta
420 1243 489 1281 est
526 1237 632 1281 dies
667 1235 890 1293 perditi&-

203 1288 276 1340 nis,
308 1290 335 1314 *
367 1301 413 1339 et
452 1295 626 1341 adesse
666 1295 888 1341 festinant

204 1348 408 1408 tempora.

246 1408 476 1469 Judicabit
486 1413 728 1461 deinus
736 1414 890 1473 pdpu-

159 1477 162 1498 ·
201 1464 287 1513 lum
322 1484 467 1526 suum,
508 1472 535 1497 ⁴*
577 1481 628 1519 et
668 1474 717 1519 in
747 1475 890 1519 serv-is

205 1527 287 1572 suis
306 1531 597 1578 miserebitur
621 1548 632 1579 ε

157 1599 160 1658 j
253 1586 429 1636 Videbit
475 1593 612 1650 quod
654 1591 889 1638 infirmata

202 1643 254 1689 sit
279 1650 488 1705 manus?
510 1661 557 1698 et
591 1652 739 1698 clausi
772 1666 890 1710 quo-

204 1717 285 1760 que
310 1709 590 1765 defecerunt,
619 1713 890 1772 residuique

202 1766 447 1837 consumpti
468 1780 597 1840 sunt.
767 1831 793 1841 ..

252 1824 309 1871 Et
321 1828 463 1876 d1cet:
481 1832 583 1876 Ub1
603 1838 712 1876 sunt
729 1832 795 1876 dn
810 1830 889 1877 θό-

201 1885 344 1988 Ῑίζιῑειίῐιιῑιιᾶἰ
363 1889 410 1933 in
420 1892 618 1993 Pquibus
649 1891 887 1936 habebant

254 1958 539 2063 Dgactfflomm
571 2007 779 2055 victimis
811 2023 888 2054 co-

204 2063 430 2111 medebant
450 2066 672 2126 adipes*
692 2077 739 2113 et
759 2068 888 2114 bibe-

158 2126 162 2149 *
204 2117 302 2167 bant
321 2125 474 2172 vinum
494 2126 780 2172 libaminum
802 2142 813 2173 ε

253 2180 456 2240 Surgant,
503 2194 555 2233 et
598 2187 888 2245 opitulentur

203 2239 331 2294 vobis.
356 2243 383 2267 ⁴*
422 2254 468 2292 et
509 2248 562 2293 in
605 2246 887 2292 necessitate

204 2309 274 2344 vos
292 2303 549 2364 prctegant.

253 2359 408 2409 Videte
427 2367 563 2423 quod
585 2378 679 2422 ego
700 2366 790 2411 sim
812 2379 887 2411 so-

204 2412 308 2470 lus?
326 2430 369 2467 et
389 2437 484 2470 non
505 2427 568 2472 sit
600 2424 721 2471 alius
754 2426 885 2472 Deus

206 2486 365 2530 praeter
383 2497 458 2529 me
486 2500 496 2531 ε

162 2536 166 2559 '
255 2536 349 2595 Ego
367 2543 598 2594 occidam,
624 2552 672 2589 et
698 2557 791 2601 ego
822 2544 887 2589 vi-

207 2603 294 2641 vere
312 2598 473 2646 faciam
484 2603 525 2648 :*
543 2601 818 2660 percutiam,
838 2612 883 2649 et

207 2663 284 2708 ⁸80
302 2660 483 2714 sanabo,
511 2671 560 2708 et
583 2675 679 2707 non
700 2671 773 2708 est
802 2664 883 2721 qui

208 2710 259 2756 de
269 2727 399 2764 manu
416 2734 520 2767 mea
536 2722 688 2780 possit
703 2721 878 2769 eruere.

955 526 1189 583 judicium
1210 542 1382 573 manus
1403 542 1511 573 mm
1536 543 1548 575 :

1020 586 1241 632 Reddam
1262 588 1494 633 ulticnem
1519 588 1667 634 h6sti-

959 644 1050 691 bus
1071 645 1236 698 meis*
1257 656 1304 691 et
1327 648 1412 699 his,
1440 647 1521 705 qui
1553 647 1669 693 ode-
1732 701 1734 716 ι

959 714 1068 749 runt
1090 719 1166 749 me
1186 707 1456 751 retribuam.

1021 763 1272 810 Inebriabo
1302 767 1505 821 sagittas
1531 779 1665 813 meas

958 821 1237 879 sanguine*
1252 832 1299 869 et
1319 824 1508 882 gladius
1529 839 1665 871 meus
1730 861 1733 890 τ

958 881 1204 928 devorabit
1224 897 1400 929 carnes.

1019 942 1094 986 De
1110 943 1273 988 crudre
1288 941 1600 995 occisarum*
1615 950 1662 989 et

958 1001 1020 1044 de
1060 1002 1343 1058 captivitate,
1380 1002 1548 1048 nudati
1578 1003 1665 1048 ini-

957 1060 1189 1106 micdrum
1210 1061 1391 1119 capitis.

1018 1118 1239 1165 Laudate
1291 1129 1457 1178 gentes
1511 1120 1665 1179 papu-
1727 1147 1731 1180 χ

957 1177 1055 1223 lum
1077 1178 1228 1236 ejus‚*
1249 1181 1362 1236 quia
1381 1180 1664 1237 sanguinem

956 1237 1149 1284 servdrfi
1164 1237 1357 1284 suarum
1379 1239 1630 1285 ulciscetur
1650 1255 1662 1286 ε

1018 1297 1082 1343 Et
1103 1297 1361 1344 vindictam
1376 1299 1600 1344 retribuet
1613 1299 1663 1344 in
1726 1351 1727 1354 Ἴ

957 1356 1119 1403 hostes
1131 1358 1310 1411 ebrum,
1319 1357 1346 1382 ⁴*
1358 1368 1404 1403 et
1423 1357 1662 1415 propitius
1726 1387 1729 1404 s

958 1417 1044 1461 erit
1065 1425 1215 1462 terrae
1235 1417 1400 1476 papuli
1421 1418 1510 1463 sui.

1014 1478 1135 1524 Ana.
1146 1476 1271 1529 Date
1284 1476 1662 1535 magnitudinem

960 1534 1065 1580 Deo
1085 1544 1264 1582 nostro.

1013 1598 1147 1644 An&
1162 1595 1218 1640 In
1234 1595 1463 1653 cymbalis
1476 1603 1500 1624 '⁶
1522 1596 1662 1642 bene-

957 1652 1237 1699 sonantibus
1258 1654 1451 1701 laudate
1485 1655 1657 1704 Deum.

1019 1716 1188 1761 Psalm.
1218 1714 1455 1769 Laudate
1497 1714 1662 1761 Dami-

958 1786 1074 1817 num
1095 1776 1157 1817 de
1178 1772 1334 1817 coelis.
1360 1787 1433 1819 21.

986 1850 1275 1909 Capitulum.
1365 1849 1502 1895 Rom.
1523 1849 1618 1896 xiii.

1101 1919 1197 1966 ΟΧ
1246 1921 1514 1978 praecessit.
1559 1926 1661 1972 dies

1129 1987 1291 2025 autem
1307 1983 1659 2040 appropinqua-

956 2038 1036 2084 vit.
1072 2039 1364 2098 Abjiciamus
1377 2055 1491 2100 ergo
1513 2042 1660 2098 dpera

958 2097 1272 2151 tenebrarum,
1318 2109 1364 2146 et
1405 2101 1661 2146 induamur

956 2170 1091 2202 arma
1131 2158 1261 2204 lucis.
1312 2160 1444 2205 Sicut
1489 2161 1537 2204 in
1578 2161 1658 2206 die

955 2216 1153 2264 honeste
1174 2218 1483 2266 ambulamus.

1178 2297 1411 2353 Hymnus.

1118 2367 1352 2414 URORA
1361 2369 1461 2426 jam
1478 2366 1658 2426 spargit

1204 2427 1368 2484 polum
1392 2441 1402 2471 :

954 2485 1113 2531 Terris
1133 2486 1236 2531 dies
1257 2486 1463 2530 illabitur
1488 2499 1498 2530 ε

956 2545 1098 2590 Lucis
1120 2545 1315 2590 resultat
1336 2543 1570 2601 spiculum
1596 2558 1607 2589 :

945 2604 1189 2649 Discedat·
1205 2617 1347 2648 omne
1369 2602 1612 2648 lubricum.

1009 2663 1308 2708 Phantasma
1317 2662 1470 2706 noctis
1483 2661 1656 2708 exulet:

956 2723 1134 2768 Mentis
1155 2722 1312 2768 reatus
1334 2721 1520 2768 carruat
1548 2735 1558 2766 ε

259 2772 432 2824 Levabo
462 2783 525 2826 ad
567 2781 754 2826 coelum
785 2795 907 2826 ma--
953 2782 1202 2839 Quidquid
1261 2781 1466 2828 tenebris
1511 2780 1657 2827 hdrn'·

956 2842 1249 2951 Nosstffiulit
1269 2901 1450 2960 culpae,
1476 2900 1633 2945 cadat.

208 2839 306 2877 num
323 2849 483 2891 meam,
498 2848 544 2885 et
562 2841 722 2886 dicam
738 2839 787 2886 z*
803 2841 885 2886 Vi-

209 2897 257 2934 vo
272 2904 354 2950 ego
371 2896 419 2942 in
441 2899 698 2947 aeternum.
