2050 3392
372 250 463 306 xii.

373 370 708 425 t'e‘ftiETx—emplo
727 386 996 425 perspicuum
1041 378 1084 413 et

373 438 449 476 pro
466 424 588 465 annis
605 427 721 474 4088.
738 434 780 464 et
796 427 906 475 3784.
929 425 1084 464 Exem-

403 475 430 516 li
528 475 613 516 tia:
632 489 743 516 anno
762 478 862 525 2096
883 474 1084 515 Bissexti-

373 490 414 567 ii.
448 490 612 577 ffiac'ta
623 526 701 566 erit
717 541 743 567 v
761 536 801 566 et
817 526 981 566 litterae
996 526 1086 566 Do-

374 576 590 618 minicales
681 591 721 635 g.
779 576 824 617 Si
852 576 983 627 igitur
1008 591 1086 628 per

373 606 646 680 posteriore&
667 628 862 675 litteram,
883 641 993 686 quae
1020 636 1086 669 est

373 693 417 730 g,
438 679 563 719 Festa
576 678 746 719 mobilia
760 678 1084 729 investigentur,

374 729 606 781 reperietur
619 729 939 780 septuagesima
954 730 1022 770 die
1042 746 1059 770 1
1068 746 1084 770 1

381 781 499 821 Febr.
517 789 559 820 et
573 779 664 820 dies
680 779 881 820 Cinerum
896 784 943 821 28
961 781 1081 822 Febr.

379 831 424 872 Si
450 840 594 872 autem
621 831 806 872 addatur
831 845 941 872 unus
977 831 1085 881 dies,

377 883 500 924 cadet
537 881 859 933 Septuagesima
895 882 937 925 in
973 884 1088 924 diem

381 949 425 974 η
457 933 576 974 Febr.
608 946 718 984 quae
745 943 808 973 est
844 933 1087 983 Dominica,

377 994 418 1025 et
447 983 539 1025 dies
573 983 775 1026 Cinerum
811 984 853 1025 in
889 984 1003 1026 diem
1040 1001 1088 1037 29

385 1035 503 1076 Febr.
535 1049 646 1087 quae
673 1044 737 1075 est
770 1035 891 1077 Feria
917 1036 972 1077 iv.
1009 1037 1090 1078 Pa·

379 1087 481 1128 scha
492 1096 650 1135 autem,
665 1096 709 1126 et
722 1086 884 1138 reliqua
900 1088 1028 1129 Festa
1046 1087 1087 1129 in

379 1152 452 1179 eos
470 1137 562 1179 dies
589 1138 743 1178 cadent
769 1137 843 1189 qui
871 1138 913 1179 in
942 1140 1090 1180 tabula

379 1188 565 1240 expressi
585 1198 695 1229 sunt.
731 1189 839 1230 Item
858 1204 969 1230 anno
988 1194 1089 1241 4088

382 1239 593 1281 Bissextili
626 1240 789 1291 Epaeta
815 1240 895 1281 erit
919 1241 1021 1282 xxiv
1048 1253 1091 1283 et

381 1292 544 1332 litterae
572 1290 860 1332 Dominicales
887 1293 930 1341 d,
959 1306 992 1334 c.
1046 1293 1091 1334 Si

379 1342 509 1393 igitur
526 1341 802 1393 per·¹itteram
816 1357 854 1389 c,
870 1357 979 1394 quae
997 1358 1091 1395 pos-

380 1393 508 1435 terior
543 1402 621 1440 est,
660 1392 926 1453 inquirantur
966 1395 1090 1435 Festa

381 1443 568 1491 mobilia,
589 1443 829 1485 invemetur
856 1446 1091 1504 Septuage-

380 1496 487 1536 sima
514 1495 583 1536 die
611 1510 656 1536 21
692 1495 812 1536 Febr.
836 1506 879 1536 et
897 1510 932 1536 st
959 1498 1091 1537 adda-

380 1559 450 1587 tur
475 1560 585 1587 unus
621 1546 726 1594 dies,
755 1547 879 1587 cadet
907 1546 949 1587 in
977 1547 1091 1588 diem

381 1613 428 1638 22
461 1597 581 1638 Febr.
614 1611 725 1648 quae
751 1605 816 1637 est
844 1597 1085 1639 Dominica.

382 1649 487 1689 Dies
504 1657 648 1689 autem
676 1647 877 1689 Cinerum
905 1649 1028 1689 cadet
1048 1647 1091 1689 in

381 1701 493 1742 diem
512 1715 560 1741 10
574 1699 738 1740 Martii:
756 1713 886 1751 quare
898 1699 1002 1740 nihil
1017 1702 1092 1742 ad-

382 1751 511 1799 ditur,
548 1751 624 1792 &c.
660 1751 824 1792 Rursus
851 1765 962 1792 anno
992 1755 1092 1803 3784

384 1801 614 1850 Bissextili,
638 1802 802 1852 Epaeia
829 1802 909 1842 erit
935 1817 1022 1843 xxv
1049 1813 1091 1844 et

382 1854 547 1894 litterae
575 1851 864 1893 Dominicales
882 1854 925 1901 d,
946 1867 980 1894 c.
1014 1855 1093 1894 Er-

380 1918 437 1955 go
472 1903 624 1944 iterum
705 1917 726 1942 r
751 1905 1025 1954 posteriorem
1053 1919 1091 1954 c,

383 1954 614 2006 reperietur
665 1963 834 2005 eptuag.
858 1954 928 1995 die
947 1970 992 1996 21
1018 1956 1052 1996 F
1053 1970 1095 1997 e-

382 2004 557 2052 bruarii,
577 2004 658 2046 hoc
685 2013 764 2053 est,
787 2005 936 2046 addita
966 2022 983 2047 1
1004 2007 1091 2056 die,

383 2072 443 2098 22.
503 2057 629 2108 Quod
657 2055 692 2096 si
720 2070 794 2107 per
820 2056 1001 2107 priorem
1031 2058 1094 2099 lit·

384 2119 517 2150 teram
536 2108 579 2155 d,
599 2106 642 2147 in
658 2117 837 2158 utroque
853 2107 1003 2149 horum
1017 2110 1094 2151 du-

383 2174 503 2200 orum
515 2173 722 2200 annorum
736 2160 951 2209 agendum
964 2171 1092 2210 esset,

383 2211 488 2253 nihil
540 2210 790 2258 efficeretur,
844 2224 941 2251 cum
986 2210 1095 2253 infra

387 2262 570 2314 Epac‘tas
599 2260 700 2302 xxiv
726 2270 768 2302 et
796 2275 882 2302 xxv
907 2261 1048 2303 littera
1066 2265 1094 2304 d

384 2314 540 2355 indicet
569 2313 817 2363 Septuages.
841 2312 911 2353 die
941 2328 987 2364 15
1019 2314 1096 2355 Fe-

382 2364 555 2413 bruarii,
575 2365 690 2416 quod
709 2364 861 2404 salsum
876 2373 987 2405 esset
997 2378 1095 2406 cum

384 2430 434 2457 eo
469 2429 581 2457 anno
656 2413 834 2456 osterior
878 2414 1018 2456 littera
1055 2430 1092 2464 c,

386 2467 549 2508 Pascha
576 2480 601 2507 o
636 2476 726 2506 erat
754 2465 822 2506 die
851 2481 898 2517 25
917 2466 1092 2517 Aprilis,

383 2532 434 2559 ac
460 2517 635 2569 proinde
665 2517 720 2558 Se
752 2528 914 2567 mages,
947 2517 1016 2558 die
1046 2533 1093 2559 22

388 2568 604 2609 Februarii
641 2568 729 2609 cele
762 2569 895 2609 randa
939 2568 1008 2617 sit,
1047 2580 1095 2610 ut

385 2619 413 2660 li
446 2619 545 2660 uido
579 2629 758 2666 constat,
787 2619 821 2658 si
857 2633 882 2659 a
916 2619 986 2660 die
1015 2620 1095 2661 Pa-

384 2684 429 2710 sc
461 2684 526 2717 ae,
548 2669 799 2710 Dominicae
818 2680 929 2710 retro
949 2684 1094 2711 nume-

384 2731 529 2762 rentur
548 2734 681 2770 usque
699 2722 755 2761 ad
777 2721 978 2772 septuag.

437 2771 486 2810 In
523 2770 648 2821 priori
684 2785 806 2821 porro
844 2772 987 2813 tabula
1017 2773 1097 2814 Pa-

385 2820 515 2863 schali
532 2821 708 2878 antiqua
723 2823 963 2871 reformata,
983 2824 1096 2876 Epa-

384 2873 462 2913 όὶίε
481 2872 534 2912 ad
552 2871 760 2912 sinistram
776 2874 1096 2925 praeposuimus

715 250 805 306 De
827 250 1003 306 Anno
1025 254 1083 306 et
1101 250 1224 321 ejus
1238 251 1518 322 partibus.

1191 373 1537 416 ureos‘nu'u‘ieros
1563 373 1863 417 eodeffordi·

1149 437 1217 472 ne,
1253 438 1340 476 quo
1383 436 1482 466 ante
1518 426 1860 468 emendationem

1153 475 1400 517 Kalendarii
1427 476 1621 517 collocari
1649 478 1859 527 solebant,

1150 535 1196 566 ut
1215 541 1267 567 ex
1287 525 1339 568 iis
1361 527 1487 567 Festa
1506 527 1679 569 mobilia
1698 528 1861 570 inveni·

1150 587 1304 618 rentur.
1365 578 1463 619 Hoc
1488 588 1632 620 autem
1659 579 1819 621 idcirco
1836 594 1864 621 a

1150 628 1271 669 nobis
1307 629 1465 670 facstum
1493 639 1572 677 est,
1601 640 1649 671 ut
1679 631 1860 680 Pascha,

1150 689 1318 720 caetera
1350 695 1403 720 ue
1442 681 1568 722 Festa
1605 681 1796 731 mobilia,
1836 696 1862 724 a

1152 730 1310 771 Concil.
1320 694 1524 772 (islicaeno
1538 746 1673 783 usque
1692 734 1747 774 ad
1762 747 1858 775 ann.

1154 784 1249 831 1582
1278 781 1454 833 quilibet
1481 782 1687 833 indagare
1713 784 1859 835 possit.

1153 833 1318 873 Eodem
1331 843 1475 874 autem
1487 848 1655 885 prorsus
1667 835 1863 884 artificio,

1151 897 1204 924 ex
1222 884 1376 924 Aureis
1390 884 1575 926 numeris
1589 883 1649 926 ita
1664 886 1865 927 distribu-

1152 933 1206 975 tis
1223 934 1255 974 F
1257 945 1348 975 esta
1360 935 1531 976 mobilia
1544 945 1767 985 eruuntur,
1779 951 1863 988 quo

1153 1000 1204 1026 ex
1236 986 1420 1037 Epactis.
1480 987 1544 1028 Sit
1580 986 1693 1027 enim
1720 989 1865 1039 explo-

1153 1037 1347 1085 randum,
1368 1037 1547 1089 exempli
1567 1052 1712 1087 musa,
1733 1053 1865 1090 quan-

1154 1089 1209 1128 do
1240 1088 1367 1128 Festa
1393 1088 1500 1129 haec
1534 1088 1751 1131 celebrata
1777 1091 1865 1130 fue·

1154 1138 1236 1179 rint
1262 1152 1375 1180 anno
1404 1152 1512 1190 1450.
1571 1140 1789 1191 Quoniam
1815 1155 1866 1182 eo

1153 1203 1265 1230 anno
1282 1192 1451 1231 Aureus
1469 1205 1669 1232 numerus
1687 1191 1768 1232 fuit
1789 1202 1866 1242 7et

1155 1240 1295 1281 littera
1327 1241 1606 1282 Dominicalis
1641 1243 1685 1290 d,
1715 1243 1751 1283 si
1779 1244 1867 1284 Au-

1155 1307 1252 1332 reus
1263 1306 1462 1333 numerus
1472 1308 1493 1343 7
1503 1293 1544 1333 in
1555 1293 1726 1334 sinistro
1736 1295 1867 1335 latere

1154 1342 1401 1394 accipiatur,
1422 1352 1465 1384 et
1491 1343 1627 1394 prima
1653 1343 1796 1386 littera
1822 1347 1866 1393 d,

1156 1393 1263 1434 infra
1290 1409 1388 1435 eum
1418 1408 1658 1443 occurrens,
1688 1395 1868 1447 reperie-

1156 1455 1224 1486 tur
1242 1459 1266 1485 e
1285 1445 1457 1496 regione
1476 1445 1605 1505 hujus
1634 1446 1803 1488 litterae
1822 1448 1866 1496 d,

1158 1496 1479 1555 Septuagesima
1497 1498 1566 1538 die
1587 1513 1605 1537 1
1631 1497 1867 1545 Februarii,

1156 1547 1247 1587 dies
1292 1548 1495 1589 Cinerum
1542 1550 1588 1588 18
1628 1548 1866 1598 Februarii,

1157 1597 1323 1639 Pascha
1340 1598 1410 1639 die
1430 1612 1451 1649 5
1470 1598 1645 1651 Aprilis,
1666 1599 1742 1641 &a

1204 1649 1429 1690 Adventus
1465 1649 1639 1691 Domini
1683 1651 1869 1692 celebra·

1156 1710 1225 1741 tur
1242 1715 1407 1752 semper
1433 1701 1502 1743 die
1530 1701 1775 1752 Dominico‚
1795 1704 1869 1755 qui

1155 1751 1431 1804 propinquior
1440 1761 1505 1793 est
1519 1752 1627 1794 sesto
1643 1753 1684 1795 S.
1704 1755 1870 1796 Andre·

1155 1817 1206 1843 ae
1241 1803 1452 1854 Apostoli,
1481 1818 1632 1855 nempe
1663 1818 1690 1845 a
1720 1805 1793 1846 die
1820 1821 1870 1857 27

1159 1854 1416 1895 Novembris
1430 1854 1651 1903 inclusive,
1664 1869 1802 1907 usque
1813 1859 1868 1898 ad

1157 1904 1271 1946 diem
1309 1920 1331 1964 3
1361 1905 1610 1946 Decembris
1646 1906 1867 1956 inclusive,

1158 1955 1217 1996 ita
1235 1966 1283 1997 ut
1300 1957 1441 1997 littera
1469 1956 1750 1998 Dominicalis
1777 1972 1871 2000 cur-

1158 2021 1268 2055 renS,
1289 2021 1399 2058 quae
1418 2022 1463 2048 re
1519 2007 1625 2048 ritur
1643 2008 1686 2048 in
1711 2009 1870 2050 Kalen·

1158 2057 1277 2099 dario
1289 2058 1427 2100 adie2
1514 2058 1724 2100 ovembris
1734 2074 1870 2111 usque

1158 2110 1213 2150 ad
1241 2109 1353 2150 diem
1375 2125 1397 2161 3
1486 2109 1681 2158 cembris,
1711 2110 1870 2152 indicet

1160 2160 1430 2202 Dominicam
1473 2162 1707 2202 Adventus.
1790 2162 1867 2210 Ut,

1160 2211 1276 2252 verbi
1303 2211 1456 2262 gratia,
1485 2212 1519 2253 si
1548 2211 1689 2253 littera
1722 2212 1871 2254 Domi-

1159 2262 1307 2303 nicalis
1322 2273 1386 2303 est
1399 2276 1443 2322 g,
1459 2262 1685 2304 Dominica
1699 2264 1871 2305 Adven-

1160 2323 1229 2354 tus
1261 2315 1385 2355 cadet
1412 2328 1453 2354 m
1481 2313 1594 2354 diem
1630 2328 1652 2355 2
1690 2314 1871 2356 Decem·

1159 2364 1263 2411 bris:
1290 2365 1391 2416 quia
1418 2365 1475 2405 ibi
1504 2375 1568 2406 est
1595 2364 1734 2405 littera
1762 2380 1807 2417 g,
1828 2366 1869 2407 in

1163 2415 1438 2464 Kalendario,
1458 2416 1533 2457 &c.

1209 2468 1278 2508 Ad
1299 2467 1424 2507 finem
1442 2467 1613 2507 tandem
1628 2466 1870 2509 tabularum

1161 2518 1429 2559 paschalium
1441 2517 1634 2568 apposita
1646 2528 1709 2558 est
1724 2519 1872 2560 tabula

1159 2569 1425 2628 temporaria·
1462 2569 1689 2609 multorum
1742 2584 1873 2631 anno-

1160 2634 1268 2668 rum,
1290 2634 1313 2661 e
1339 2633 1510 2670 regione
1528 2633 1709 2670 quorum
1728 2634 1874 2663 omnia

1163 2671 1288 2712 Festa
1351 2669 1521 2711 mobilia
1581 2669 1873 2719 inveniuntur:

1189 2736 1268 2762 uae
1287 2721 1459 2773 quidem
1479 2720 1623 2761 tabula
1642 2736 1695 2761 ex
1714 2722 1874 2765 tabulis

1158 2737 1437 2813 c1¹³aschalibus
1472 2781 1672 2822 excerpta
1708 2783 1790 2823 est,
1820 2789 1872 2817 ex

1159 2823 1314 2874 quibus
1333 2821 1521 2864 infinitae
1538 2822 1648 2863 aliae
1667 2824 1759 2865 erui
1779 2839 1875 2876 pos-

1160 2884 1257 2916 sunt
1276 2889 1352 2926 pro
1370 2874 1710 2925 quibuscumque
1729 2877 1867 2918 annis.
