2050 3392
345 414 497 457 acrior
532 412 699 467 multo,
741 422 886 473 atque
919 413 1059 460 vehe-

347 472 551 518 mentior
580 474 657 518 illa
693 473 944 530 corporum
966 481 1053 518 est.

347 531 542 586 Quanto
566 531 707 588 igitur
724 545 832 575 cum
851 532 1059 576 imbecil-

348 591 461 635 liore
476 591 725 640 luctantur,
748 597 882 634 tanto
899 590 1058 634 minus

349 649 484 693 venia
515 650 686 704 dignae
717 656 840 699 sunt,
884 649 920 692 si
958 650 1058 692 vin-

346 708 525 752 cantur.
551 706 735 750 Idcirco
743 706 887 751 etiam
899 707 1056 751 fatuas

344 765 624 823 appellavit:
644 764 870 822 quoniam
888 765 1054 822 majori

345 824 600 869 certamine
622 824 859 881 superato,
881 826 927 868 in
945 825 1057 869 faci-

347 882 460 927 liore
481 890 636 927 totum
658 884 979 939 perdiderunt.

415 931 485 989 RV·
506 941 712 987 Caecilia
734 955 810 987 me
832 943 957 987 misit
993 943 1054 986 ad

346 1014 445 1052 vos,
464 1008 517 1045 ut
539 1001 801 1046 ostendatis
813 1001 926 1046 mihi
951 1015 1057 1045 san-

346 1059 478 1105 <stum
493 1060 796 1108 Antistitem:
824 1050 982 1115 *Quia
994 1061 1057 1105 ad

347 1119 502 1175 ipsum
526 1119 681 1183 habeo
704 1120 895 1171 secreta,
934 1133 1057 1176 quae

347 1178 593 1234 perferam.
624 1167 650 1227 Σ
677 1177 835 1224 ·Tunc
853 1179 1058 1223 Valeria-

347 1249 437 1281 nus
457 1237 672 1293 perrexit,
699 1246 744 1281 et
766 1238 903 1295 signo
925 1239 1057 1295 quod

347 1295 606 1352 acceperat,
635 1295 808 1340 invenit
837 1297 1057 1341 sanctum

351 1353 683 1399 Urbanum.—
703 1355 841 1409 Quia.
939 1356 1059 1401 lotia

350 1413 490 1458 Patri.
540 1414 676 1468 Quia.

591 1497 756 1545 Lectio
779 1499 838 1544 ix.
904 1491 908 1495 ’

547 1592 598 1636 M
606 1591 816 1638 PADES
900 1599 1059 1637 autem

522 1651 615 1698 hoc
635 1653 744 1698 loco
764 1652 879 1698 illud
902 1651 1058 1711 ipsum

350 1710 629 1769 virginitatis
639 1713 818 1758 donum
833 1712 1055 1770 appellat,

350 1779 397 1815 et
420 1771 761 1817 sanctimoniae
777 1772 1032 1829 puritatem
1050 1785 1058 1814 :

351 1829 507 1875 oleum
549 1844 659 1875 vero
701 1831 1056 1889 benignitatem,

351 1888 665 1946 eleemosyna,
673 1891 734 1934 im
740 1890 938 1948 pensum
950 1891 1060 1936 indi·

351 1947 820 2003 gentibusauxssium.
847 1950 1062 1995 Tardan-

351 2013 398 2049 te
410 2014 570 2049 autem
580 2020 773 2063 sponso,
781 2008 1063 2054 dormitave-

351 2073 459 2109 runt
481 2078 660 2117 omnes,
682 2073 728 2110 et
751 2067 1056 2112 dormierunt.

354 2122 468 2167 Non
489 2137 686 2180 parvum
712 2124 940 2182 temporis
965 2141 1064 2171 rur-

352 2195 433 2226 sus
497 2182 704 2239 spatium
766 2185 1063 2242 interjectum

354 2241 575 2294 ostendit,
609 2251 660 2287 ut
697 2243 958 2302 discipulos
994 2259 1064 2289 re-

352 2315 502 2359 gnum
531 2303 677 2360 ipsius
708 2317 820 2348 mox
852 2303 1063 2349 futurum

352 2362 658 2419 expectantes
678 2363 740 2407 ab
759 2377 817 2407 ea
841 2362 1065 2420 opinione

355 2421 606 2466 deduceret
626 2436 636 2466 :
660 2423 709 2466 id
731 2424 856 2466 enim
874 2422 937 2466 illi
960 2435 1064 2478 spe-

355 2481 521 2525 rabant
544 2495 553 2524 :
586 2482 874 2538 quapropter
898 2482 1065 2526 crebro

355 2541 417 2584 ab
434 2539 705 2597 hujusmodi
724 2554 807 2585 eos
828 2554 913 2598 spe
933 2540 1064 2586 revo-

354 2607 444 2643 cat.
501 2600 578 2643 Ad
605 2599 711 2650 hoc,
731 2599 846 2643 illud
872 2612 1065 2657 quoque

354 2656 547 2709 Iudicat,
566 2671 786 2703 somnum
807 2659 1063 2715 quemdam

356 2773 506 2830 inquit
528 2789 537 2826 ;
564 2776 722 2820 media
741 2784 900 2820 autem
922 2776 1065 2821 noc'te

354 2833 533 2878 clamor
562 2834 719 2879 factus
749 2844 852 2881 est:
889 2837 974 2888 vel,
1010 2844 1063 2882 ut

354 2729 456 2760 esse
478 2726 691 2761 mortem.
739 2717 1059 2768 Dormierunt,
1080 2727 1085 2733 ·

354 278 448 345 562
492 280 603 333 Die
627 284 699 333 2²2
723 283 894 351 Nou,
922 282 979 334 S.
1014 279 1301 347 Caeciliae,
1339 282 1492 351 Vz'rg.
1522 283 1698 336 Mart.

1125 421 1217 459 stat
1237 427 1248 459 ε
1280 413 1354 458 vel
1373 424 1539 458 rursus
1557 411 1765 458 ostendit
1786 413 1835 457 in

1124 473 1268 519 nocte
1287 472 1497 518 futuram
1518 485 1622 516 esse
1636 485 1839 517 resurre-

1124 532 1346 576 ctionem.
1400 531 1667 576 Clamdrem
1689 531 1837 576 etiam

1127 591 1301 635 Paulus
1353 590 1707 641 commemorat,
1769 591 1840 633 di-

1123 662 1234 693 cens
1254 662 1265 694 :
1292 649 1345 694 In
1364 649 1515 706 jussu,
1544 650 1591 694 in
1614 663 1727 694 voce
1750 650 1840 694 Ar·

1123 708 1353 764 changeli,
1375 709 1423 752 in
1445 708 1700 752 novissima
1719 709 1847 752 tuba?

1123 767 1378 811 descendet
1400 766 1461 811 de
1477 767 1627 812 coelo.

1182 826 1254 870 Te
1277 826 1434 870 Deum
1449 825 1715 871 laudamus.
1743 840 1810 882 17.

1321 910 1397 945 AD
1419 910 1634 947 LAUm-:s

1220 962 1267 1002 ct
1290 968 1375 1014 per
1396 953 1572 1009 Horas,
1599 956 1744 1001 Asiae.

1187 1048 1226 1078 1.
1255 1033 1576 1080 Cantantibus
1596 1037 1801 1092 organis,
1814 1032 1839 1053 ᾗ

1124 1093 1335 1138 Caecilia
1366 1094 1580 1140 Domino
1616 1095 1838 1140 decanta-

1123 1153 1220 1205 bat,
1243 1153 1406 1198 dicens
1425 1168 1435 1199 ε
1457 1154 1561 1199 Fiat
1583 1167 1838 1200 cormeum

1124 1212 1499 1266 immaculatum,
1525 1224 1581 1259 ut
1607 1228 1702 1259 non
1724 1227 1839 1258 con-

1125 1271 1311 1318 fundar.
1349 1268 1580 1314 psalmus.
1601 1273 1838 1319 Dominus

1124 1332 1353 1389 regnavit,
1387 1344 1497 1375 cum
1526 1327 1721 1388 reliquis.
1749 1335 1817 1377 18.

1184 1389 1514 1436 2.ValeriAnus
1530 1391 1608 1436 *in
1616 1391 1839 1437 cubiculo

1126 1450 1384 1495 Caeciliam
1391 1463 1502 1495 cum
1509 1450 1697 1508 Angelo
1706 1450 1841 1496 oran·

1125 1517 1222 1554 tem
1244 1509 1433 1555 invenit.

1185 1583 1228 1627 3.
1256 1568 1464 1614 Caecilia
1483 1568 1665 1615 famula
1684 1576 1785 1620 tua,
1806 1557 1834 1580 ⁴*

1129 1627 1348 1680 D6mine,
1411 1629 1548 1686 quasi
1599 1630 1700 1686 apis
1754 1629 1837 1673 tibi

1125 1686 1465 1746 argumentosa
1485 1688 1699 1734 deservit.

1185 1761 1229 1804 4.
1259 1747 1563 1793 BenedIcote
1583 1749 1718 1794 Pater
1742 1746 1839 1793 Do-

1129 1806 1243 1851 mini
1266 1807 1357 1851 mei
1371 1806 1492 1870 Jesu
1513 1807 1704 1859 Christi,
1726 1808 1840 1865 quia

1127 1880 1212 1923 per
1234 1866 1406 1911 Filium
1437 1874 1576 1911 tuum
1609 1867 1732 1925 ignis
1763 1880 1840 1911 ex-

1129 1926 1308 1971 tinctus
1329 1933 1400 1970 est
1421 1940 1452 1970 a
1472 1925 1618 1970 latere
1639 1938 1762 1972 meo·

1187 1997 1230 2043 5.
1258 1978 1553 2030 TriduAnas*
1585 1983 1838 2030 aDomino

1129 2043 1325 2102 poposci
1337 2043 1564 2096 inducias,
1579 2052 1632 2088 ut
1642 2045 1838 2088 domum

1130 2118 1284 2149 meam
1309 2102 1573 2149 Ecclesiam
1594 2103 1835 2149 consecra-

1130 2176 1242 2208 rem.

1199 2213 1483 2272 Capitulum,
1533 2213 1759 2270 Hymnus
1794 2219 1837 2257 ct

1134 2271 1199 2335 Y.
1228 2277 1287 2318 de
1309 2275 1576 2318 Communi.
1600 2279 1733 2324 cxvii,

1197 2336 1275 2379 Ad
1324 2335 1494 2381 Bcned.
1545 2335 1667 2380 Afia.
1712 2337 1836 2381 Dum

1131 2394 1301 2443 aurora
1313 2395 1453 2441 finem
1471 2396 1619 2448 daret,
1635 2395 1840 2441 Caecilia

1130 2455 1421 2507 exclamavit,
1441 2456 1603 2505 dicens
1624 2470 1633 2500 :
1655 2456 1742 2500 Eia
1756 2454 1839 2499 mi·-
1894 2457 1898 2468 ’

1131 2516 1236 2560 lites
1258 2514 1445 2566 Christi,
1472 2515 1662 2571 abjicite
1696 2514 1837 2571 opera

1130 2574 1444 2627 tenebrarum,
1490 2581 1536 2619 et
1589 2573 1836 2619 induimini

1130 2647 1265 2678 arma
1284 2634 1415 2679 lucis.

1400 2701 1579 2745 Oratio.

1331 2774 1414 2819 US
1444 2773 1525 2831 qui
1558 2787 1647 2819 nos
1682 2773 1838 2819 Annua

1309 2832 1477 2878 beatae
1491 2832 1726 2879 Caeciliae
1738 2833 1842 2879 Vir-

353 2891 402 2933 in
439 2891 607 2935 eadem
647 2893 878 2949 parabola
918 2898 1065 2953 persi·
1126 2895 1252 2954 ginis
1287 2900 1332 2938 et
1365 2892 1590 2951 Martyris
1623 2901 1735 2940 tuae
1770 2908 1842 2939 so·
