2050 3392
155 402 264 453 buS,
273 398 354 458 qui
367 412 416 445 se
425 401 869 445 commendaverunt

159 459 457 505 orationibus
474 459 593 503 meis
612 458 660 502 in
675 457 863 515 genere,

78 623 85 634 ,
157 585 287 623 statu
305 577 499 623 sanctae
514 576 761 623 Romanae
779 576 869 621 Ec-

80 669 83 682 .
157 638 341 683 clesiae.
409 637 578 681 Amen.

78 687 85 704 '
152 690 569 808 &AUDIUM
592 709 701 741 cum
722 709 856 755 pace,

315 754 699 800 emendationem
720 756 858 809 vitae,

155 812 367 872 spatium
381 826 518 858 verae
530 815 861 871 poenitentiae,

154 872 377 931 gratiam,
407 878 456 917 et
491 872 866 920 consolationem

154 931 313 977 sanc'ti
329 931 546 989 SpIritus,
567 934 866 989 perseveram-

153 992 271 1037 tiam
294 991 345 1035 in
365 991 506 1036 bonis
527 991 756 1049 operibus,
788 993 865 1038 tri-

151 1052 273 1095 buat
280 1050 400 1095 mihi
411 1050 712 1107 omnipotens
721 1059 768 1097 et
782 1053 866 1097 mi-

149 1110 354 1157 sericors
377 1108 630 1157 Dominus
690 1111 857 1160 Amen.

210 1162 337 1219 Quia
355 1160 602 1212 Sacerdos,
620 1170 701 1209 aut
717 1163 862 1212 tacita

148 1225 322 1269 mentis
398 1223 701 1280 cogitatione,
777 1235 860 1272 aut

146 1284 385 1328 submissa
411 1284 540 1328 vocis
561 1287 861 1342 expressione

143 1345 288 1388 debet
335 1343 532 1388 recitare
582 1345 859 1403 singillatim

140 1404 353 1454 nomina,
384 1417 471 1460 pro
495 1405 667 1460 quibus
699 1406 747 1450 in
779 1407 861 1451 illa

140 1464 464 1507 celebratione
486 1464 586 1507 vult
614 1465 861 1521 singulari-

140 1534 209 1566 ter
232 1536 368 1567 orare
396 1521 463 1579 (ut
486 1523 754 1567 insinuatur
774 1539 861 1581 per

138 1583 242 1626 illas
274 1583 457 1626 litteras
500 1585 563 1630 N.
603 1585 667 1629 N.
689 1583 737 1626 in
769 1584 859 1629 Ca-

140 1655 267 1686 none
304 1637 578 1696 contentas)
604 1649 649 1684 et
687 1655 745 1685 ne
772 1644 859 1688 hu-

133 1702 349 1757 jusmodi
438 1701 857 1749 determinatarum

140 1773 459 1817 personarum
487 1760 765 1812 nominatio,
794 1765 857 1807 ob

138 1820 609 1869 multitudinem,aut
630 1820 856 1867 incertum

139 1880 375 1929 ordinem,
402 1880 588 1934 ingerat
612 1878 854 1926 Sacerdoti

137 1937 855 1989 celebranticonfusionem,non

140 1999 307 2041 inutile
338 1999 423 2040 erit
458 2004 733 2053 sequentem
765 2014 855 2044 ser—

137 2071 249 2100 vare
273 2057 489 2101 ordinem
516 2070 573 2099 ex
595 2070 653 2099 20
671 2069 846 2112 quaest.

138 2118 414 2171 Quodlibet.
438 2115 665 2160 Doctoris
682 2117 847 2164 Subtil.

137 2188 181 2219 et
224 2191 279 2219 ex
314 2177 518 2220 aliorum
556 2176 853 2232 gravissimo-

136 2250 241 2279 rum
268 2234 537 2279 Dociomm
562 2236 746 2293 scriptis
778 2253 853 2284 ex-

138 2310 217 2339 effi·
256 2303 373 2339 tum.
668 2344 681 2356 ·

263 2346 470 2402 emerito,
502 2350 507 2360 ‘
535 2343 756 2402 Domme,
817 2351 854 2395 si

142 2408 231 2456 tibi
253 2410 424 2469 placet,

375 2470 617 2517 Vivorum.

142 2542 166 2574 1
362 2526 446 2579 EI,
481 2534 745 2585 parentum,
779 2541 857 2574 co·

204 2632 221 2649 ·
379 2591 602 2645 gnatoru,
638 2586 848 2656 fratrum,

202 2660 436 2701 sororum,
492 2654 539 2693 et
591 2658 852 2692 amlcorum

201 2718 420 2752 meorum
441 2706 670 2753 omnium.

138 2782 167 2813 2
200 2767 385 2812 Coetus
420 2765 759 2819 Cardinalium,
795 2777 855 2811 ac

198 2827 418 2872 omnium
439 2825 747 2885 Superior-um
778 2837 855 2872 or-

199 2886 339 2938 dinis,
355 2892 502 2944 atque
517 2884 847 2942 sacerdotum,

75 2952 79 2991 l

217 3050 346 3097 Pars
365 3048 413 3098 A
419 3051 707 3100 utumnalis.

523 263 819 318 Orationes
841 269 973 320 ante
995 263 1256 320 Missam.
1336 263 1631 318 cccxxxvii.

991 407 1038 469 et
1066 399 1261 446 sanctae
1284 398 1523 447 Ecclesiae
1549 392 1637 448 mi·

990 467 1272 516 nistrorum„

157 526 207 564 et
249 520 296 563 in
334 518 500 576 specie,
539 525 585 562 et
622 530 708 575 pro
746 517 868 562 felici
931 532 958 576 3
989 518 1517 565 Omniummeaecurae
1530 521 1639 565 sub-

986 577 1235 635 jectorum,
1250 586 1496 635 tamquam
1507 580 1640 637 spiri-

990 636 1188 682 tualium
1201 636 1415 689 filiorum,
1426 646 1472 683 et
1488 640 1639 683 omni-

989 710 1071 741 um
1114 697 1435 752 fundatorum,
1478 705 1639 755 patro-

989 767 1171 807 norum,
1204 762 1252 801 et
1279 756 1636 802 benefactorum

988 815 1313 873 spiritualium,
1336 822 1384 861 et
1400 823 1637 874 tempora-

986 874 1118 919 lium.

927 948 958 991 4
987 932 1217 979 Omnium
1233 934 1499 992 principum
1521 934 1642 981 chri-

987 993 1264 1044 stianorum,
1350 994 1637 1039 dominatio·

988 1064 1116 1104 num,
1153 1059 1200 1097 et
1236 1064 1392 1097 rerum
1425 1053 1638 1111 publica-

985 1124 1092 1156 rum
1115 1112 1461 1169 temporalium.

925 1182 953 1229 5
986 1169 1216 1215 Omnium
1231 1171 1545 1227 peccantium,
1566 1172 1637 1219 in-

983 1229 1330 1287 imicorumque
1397 1244 1628 1285 meorum,

983 1296 1129 1347 atque
1148 1288 1467 1335 conversionis
1484 1291 1637 1337 omni-

983 1362 1065 1393 um
1097 1348 1454 1402 haereticorum,
1487 1356 1536 1395 et
1565 1348 1635 1395 in-

983 1406 1210 1453 fidelium.

923 1467 952 1510 6
984 1466 1047 1511 Et
1077 1466 1307 1518 omnium,
1341 1479 1431 1525 pro
1460 1466 1636 1525 quibus

981 1525 1086 1577 scis,
1131 1532 1181 1571 et
1221 1525 1292 1571 vis
1330 1539 1411 1572 me
1461 1526 1635 1573 debere

982 1596 1132 1630 orare.

925 1776 948 1806 1
1145 1761 1484 1810 NIMARUM
1546 1775 1633 1822 pa-

1171 1829 1374 1874 rentum,
1414 1823 1625 1876 fratrum,

981 1891 1215 1933 sororum,
1290 1888 1623 1938 cognatorum,

979 1946 1128 1998 atque
1200 1940 1462 1985 amicorum
1530 1954 1632 1986 om-

980 1998 1129 2044 nium.

920 2070 948 2100 2
979 2058 1262 2103 Animarum
1300 2059 1515 2105 omnium
1548 2058 1631 2106 be-

981 2116 1291 2169 nefactorum,
1349 2125 1447 2163 tam
1497 2119 1631 2178 spiri·

978 2176 1192 2278 pianum,
1221 2189 1369 2236 quam
1408 2190 1631 2236 corpora-

996 2248 1110 2280 ium.

920 2307 946 2350 3
972 2293 1262 2339 Animarum
1283 2295 1496 2340 omnium
1511 2295 1631 2343 mihi

979 2352 1029 2395 in
1063 2365 1253 2409 genere,
1295 2361 1344 2398 et
1378 2353 1428 2401 in
1470 2355 1630 2412 specie

979 2422 1356 2458 commissarum.

916 2482 946 2526 4
976 2469 1260 2515 Animarum
1286 2470 1625 2529 Praelatorum‚

979 2531 1306 2582 Sacerdotum,
1334 2538 1381 2576 et
1409 2533 1627 2579 omnium

977 2590 1300 2634 ministrorum
1320 2589 1515 2637 sanctae
1533 2591 1631 2639 Ro-

977 2660 1151 2692 manae
1181 2647 1422 2694 Ecclesiae
1450 2649 1553 2704 Dei,
1580 2658 1628 2696 et

975 2706 1299 2765 Apostolicae.

918 2776 945 2823 5
975 2765 1260 2812 Animarum
1276 2774 1427 2813 morte
1452 2768 1631 2829 impro-

975 2825 1079 2872 visa.
1132 2825 1413 2882 corporibus
1461 2839 1629 2878 exuta·

979 2893 1099 2936 rum,
1130 2892 1275 2944 atque
1298 2898 1475 2944 earum,
1500 2903 1619 2950 qua-

1458 3070 1490 3106 Ρ
