2050 3392
371 386 621 432 virtutibus
641 385 822 437 enituit,
845 383 1075 429 charitate

371 446 646 504 praesertim
696 458 809 501 erga
848 441 1076 489 Christia-

371 519 474 558 nos,
536 504 617 562 qui
678 504 769 549 sub
838 500 1076 560 potestate

376 564 678 623 Paganorum
744 561 961 606 miseram
1028 561 1076 605 in

374 622 648 681 captivitate
661 622 804 666 vitam
819 620 1070 678 degebant.

378 683 485 728 Hos
507 690 561 726 ut
581 680 841 730 redimeret.
877 680 926 724 in
955 679 1077 724 Afri-

375 754 483 786 cam
500 733 683 792 missus,
710 753 820 784 cum
836 740 936 797 jam
959 738 1078 783 mul-

373 808 451 845 tos
490 813 524 844 a
561 798 784 852 servitute
814 798 1071 849 liberasset,

373 872 448 911 ne,
511 857 797 916 consumpta
858 856 1072 916 pectinia,

374 917 478 964 aliis
499 918 614 963 item
635 918 682 963 in
700 918 915 975 proximo
936 917 1079 962 abne-

374 977 565 1035 gandae
634 977 744 1022 fidei
810 976 1080 1022 discrimine

376 1036 645 1082 constitutis
654 1036 850 1088 deesset,
865 1036 1078 1093 seipsum

376 1096 564 1153 pignori
587 1096 720 1141 dedit
741 1111 751 1148 ;
773 1096 858 1141 sed
879 1109 988 1140 cum
1008 1108 1081 1138 ar-

378 1155 660 1201 dent1ssimo
697 1155 862 1200 salutis
901 1153 1083 1199 anima-

377 1228 483 1258 rum
533 1214 767 1259 desiderio
807 1213 1076 1264 succensus,

379 1274 538 1330 plures
581 1272 950 1317 Mahometanos
984 1273 1082 1316 suis

380 1332 691 1378 concionibus
733 1332 795 1376 ad
838 1331 1081 1376 Christum

381 1391 685 1442 converteret,
713 1390 761 1435 in
790 1389 973 1436 aretam
1004 1404 1085 1435 cu-

381 1449 588 1496 stodiam
623 1463 654 1495 a
686 1449 896 1495 barbaris
926 1449 1085 1508 conje-

381 1508 501 1561 e'tus,
558 1508 791 1567 variisque
841 1509 1085 1566 suppliciis

381 1568 629 1621 cruciatus,
674 1582 785 1613 mox
816 1568 951 1614 labiis
979 1582 1085 1626 per-

381 1627 558 1681 foratis,
586 1636 632 1673 et
653 1642 756 1673 sera
776 1628 924 1674 ferrea
960 1628 1085 1673 clau·

383 1689 458 1740 sis,
486 1688 675 1734 crudele
696 1687 975 1748 martyrium
1002 1688 1085 1734 diu

381 1749 618 1795 sustinuit.

436 1809 512 1867 R7.
546 1807 738 1853 Ameivit
778 1822 888 1853 eum
920 1807 1086 1853 Domi-

382 1881 485 1919 nus,
520 1876 567 1912 et
609 1868 791 1912 ornavit
821 1881 959 1912 eum:
991 1875 1088 1913 sto-

384 1927 479 1971 lam
500 1925 680 1983 gloriae
712 1926 866 1971 induit
896 1940 1020 1977 eum,

383 1986 445 2030 Et
466 1986 530 2030 ad
551 1993 715 2043 portas
847 1984 937 2030 disi
953 1999 1088 2032 coro·

383 2043 511 2089 nevit
532 2058 655 2089 eum.
748 2078 762 2092 .
795 2044 957 2090 Induit
976 2059 1087 2090 eum

384 2104 619 2149 Dominus
650 2102 845 2149 lorioem
875 2103 1002 2157 fidei,
1040 2112 1088 2150 et

383 2162 566 2209 ornavit
603 2163 859 2209 eum—Et
886 2164 950 2209 ad
978 2177 1087 2223 por-

385 2230 471 2268 tas.

607 2294 852 2365 Leffidvi.

519 2400 559 2445 B
577 2399 695 2445 haec
724 2407 771 2446 et
795 2400 892 2446 alia
906 2400 1091 2447 fortiter

379 2484 385 2491 ·
541 2468 688 2517 gesta.
708 2459 972 2506 sanctitatis
987 2461 1089 2517 eJus

383 2518 511 2564 sama
530 2519 673 2576 longe
700 2518 886 2577 iateque
916 2518 1091 2565 diffusa

383 2586 472 2624 est:
506 2591 604 2636 qua
632 2577 878 2636 permotus
907 2578 1089 2637 Grego-

383 2638 478 2682 rius
492 2651 660 2688 nonus.
675 2637 723 2682 in
740 2637 1088 2696 amplissimum

383 2696 819 2802 ξῗέεέὲειῖᾱίιιξὲὶίυω
835 2697 1088 2816 coligi&

388 2809 726 2878 Rayinundum
786 2816 1043 2875 adscripsit
1075 2830 1086 2863 ι

378 2868 464 2914 sed
496 2882 567 2915 vir
587 2871 681 2919 Dei
701 2874 751 2920 in
770 2888 829 2923 ea
855 2874 1088 2935 dignitate

373 253 473 320 338
517 253 623 306 Die
638 267 717 321 31
742 252 913 320 Aug„
940 248 1000 301 S.
1031 244 1361 317 Raymundi
1380 244 1658 312 Nonnati,
1687 243 1736 296 C
1732 241 1854 311 onfi

1140 382 1202 427 ab
1223 379 1354 426 omni
1370 392 1552 438 pompa
1566 376 1850 428 abhorrens,

1141 439 1386 497 religiosae
1406 437 1687 483 humilitatis
1718 445 1858 483 tena-

1142 500 1355 545 cissimus
1376 511 1564 555 semper
1584 497 1685 542 fuit.
1756 496 1859 541 Ro-

1144 572 1271 604 mam
1291 571 1402 603 vero
1435 569 1647 614 pergens,
1687 557 1856 602 statim

1143 632 1199 663 ac
1221 616 1496 667 Cardonam
1518 615 1747 674 pervenit,
1775 629 1857 660 ex-

1144 676 1296 722 tremo
1354 677 1524 721 morbo
1540 674 1850 735 ‚‚confe<5tus.

1142 735 1470 781 ecclesiasticis
1541 734 1857 781 sacramentis

1145 794 1314 840 muniri
1331 794 1528 840 summis
1536 794 1856 851 precibuspo·

1144 854 1348 900 stuIAvit.
1414 854 1634 911 Cumque
1654 854 1856 899 morbus

1145 913 1502 971 ingravesceret,
1541 921 1590 957 et
1626 913 1856 958 sacerdos

1145 973 1322 1018 diutius
1332 972 1550 1024 tardaret,
1558 972 1858 1028 Angelorum

1147 1031 1417 1083 ministerio,
1444 1031 1534 1076 sub
1554 1031 1713 1088 specie
1745 1031 1854 1076 reli-

1145 1091 1389 1149 giosdrurn
1405 1091 1478 1135 sui
1493 1090 1673 1136 ordinis
1701 1105 1733 1135 a
1771 1104 1859 1147 pa-

1146 1151 1364 1202 rentium,
1423 1149 1615 1195 salutari
1679 1150 1722 1193 vi
1758 1151 1858 1195 tico

1148 1209 1352 1255 reseetus
1371 1210 1472 1254 fuit.
1503 1209 1614 1264 Quo
1635 1215 1851 1266 sumpto.

1147 1277 1193 1314 et
1214 1268 1377 1327 gratiis
1399 1269 1506 1313 Deo
1528 1267 1747 1326 peraetis,
1770 1269 1860 1312 mi·

1147 1329 1299 1386 gravit
1322 1330 1389 1374 ad
1409 1328 1571 1372 Diium
1594 1327 1858 1372 Dominioe.

1149 1388 1317 1433 ultima
1331 1386 1548 1445 Augusti,
1562 1400 1692 1432 anno
1706 1387 1858 1432 mille-

1149 1448 1271 1492 simo
1292 1446 1617 1493 ducentesimo
1647 1447 1856 1504 quadra-

1149 1506 1344 1563 gesimo.
1413 1505 1594 1552 Mertui
1658 1520 1718 1550 co
1778 1518 1851 1557 us.

1149 1580 1259 1611 cum
1272 1566 1396 1612 circa
1411 1566 1569 1611 locum
1581 1519 1856 1624 sepuligrae

1150 1625 1392 1672 contentio
1423 1633 1528 1671 orta
1541 1632 1680 1677 esset,
1712 1638 1856 1670 aroee

1151 1684 1396 1738 inclusum.
1421 1692 1467 1732 et
1508 1685 1664 1731 mulae
1684 1699 1857 1732 caecae

1152 1746 1443 1804 impositum,
1507 1746 1572 1791 ad
1626 1746 1854 1791 sacellum

1152 1805 1304 1850 saneti
1354 1805 1540 1851 Nicolai
1592 1805 1683 1850 Dei
1733 1813 1857 1852 nutu

1152 1864 1363 1910 delatum
1389 1865 1489 1917 suit,
1526 1872 1578 1910 ut
1608 1865 1670 1911 ibi
1705 1871 1859 1910 tumu-

1155 1924 1339 1975 laretur.
1385 1924 1465 1969 ubi
1497 1924 1650 1982 prima
1676 1924 1856 1983 jecerat

1154 1982 1402 2029 sanetioris
1423 1984 1546 2028 vitae
1573 1983 1858 2039 fundamen-

1155 2054 1217 2088 ta.
1285 2043 1387 2088 Illic
1446 2041 1721 2093 consti-uelo
1781 2044 1855 2088 sui

1153 2102 1332 2148 Ordinis
1378 2101 1627 2153 coenobio,
1671 2116 1703 2147 a
1743 2116 1857 2148 cou-

1154 2160 1409 2206 fluentibus
1457 2160 1553 2205 voti
1603 2174 1751 2206 causa
1797 2175 1858 2206 ex

1155 2221 1372 2266 universa
1395 2219 1681 2266 Catalaunia
1710 2221 1859 2268 fideli-

1149 2282 1238 2327 bus
1313 2282 1437 2340 pulis
1446 2281 1861 2337 honoratum-eriis

1154 2342 1219 2385 mi
1274 2340 1392 2387 culis
1425 2348 1474 2387 et
1500 2341 1650 2399 signis
1685 2343 1860 2400 glorio-

1155 2414 1247 2446 sus.

1212 2456 1286 2521 137.
1338 2459 1433 2505 Iste
1472 2457 1621 2505 homo
1663 2460 1857 2517 perfecit

1155 2518 1319 2564 omnia
1337 2532 1463 2577 quae
1493 2517 1681 2564 locutus
1711 2528 1783 2565 est
1817 2521 1859 2565 ei

1157 2578 1302 2630 Deus,
1328 2586 1374 2623 et
1395 2578 1514 2623 dixit
1533 2577 1599 2622 ad
1617 2591 1729 2623 eum
1751 2593 1761 2623 :
1785 2578 1861 2624 In·

1210 2637 1350 2683 edere
1362 2636 1411 2682 in
1423 2635 1635 2704 requiem
1652 2650 1808 2683 meam
1824 2633 1860 2683 9

1203 2697 1281 2742 uia
1301 2702 1348 2741 te
1369 2695 1464 2743 vidi
1481 2702 1665 2753 justum
1697 2710 1859 2743 coram

1155 2769 1231 2802 me
1282 2769 1342 2801 ex
1373 2753 1596 2801 omnibus
1615 2753 1856 2812 gentibus.

1153 2811 1213 2874 W.
1256 2814 1353 2861 Iste
1372 2821 1445 2860 est
1465 2812 1547 2883 qui
1567 2813 1858 2873 contempsit

1153 2874 1301 2920 vitam
1331 2873 1512 2929 mundi.
1557 2877 1604 2919 et
1646 2874 1860 2933 pervenit
