2050 3392
383 275 496 329 Die
518 292 589 347 23
620 275 751 346 Oa„
779 279 829 331 S
828 279 878 331 S
877 320 889 334 .
920 280 1319 352 Redemptoris.

123 408 170 454 si
208 406 419 462 delicias
452 415 500 455 et
533 410 836 457 solitt'idinem

159 468 238 513 'us
258 469 392 525 quasi
414 468 606 515 hortum
624 471 833 518 deini.

178 526 392 582 audium,
420 535 467 574 et
498 529 680 576 laetitia
711 531 839 576 inve-

124 586 290 632 niatur
343 588 391 632 in
451 602 522 640 ea,
576 588 836 645 gratiarum

124 645 273 699 aestio,
302 654 347 692 et
371 661 462 692 vox
488 651 656 695 laudis.
673 649 838 695 Attan-

124 706 230 751 dite
267 707 330 751 ad
358 721 435 752 me
469 709 650 766 pdpule
685 722 832 761 meus,

124 772 174 811 et
209 765 361 811 tribus
395 780 503 812 mea
534 781 612 812 me
643 768 837 813 audite:

124 825 246 882 quia
273 825 348 870 lex
377 839 407 870 a
434 839 511 871 me
538 826 673 880 sitiet,
701 834 746 872 et
763 828 839 884 Ju-

124 883 313 929 dicium
335 898 493 930 meum
515 886 564 931 in
584 886 736 932 lucem
755 901 839 944 po-

123 942 355 1001 puldrum
371 945 646 1003 requiescet.
685 946 839 1005 Prope

121 1010 200 1048 est
267 1010 405 1049 ustus
441 1018 589 1058 meus,
622 1005 838 1064 egrkssus

120 1069 199 1108 est
298 1062 451 1109 lvator
480 1077 628 1117 meus,
655 1074 702 1111 et
731 1066 837 1112 bra-

121 1122 238 1167 chia
273 1134 384 1168 mea
483 1124 623 1182 pulos
652 1125 836 1184 judica-

120 1182 249 1226 bunt
270 1194 281 1227 z
304 1195 382 1228 me
426 1184 591 1229 nsulae
618 1185 837 1243 expetita-

120 1241 264 1292 bunt,
302 1248 348 1287 et
387 1241 635 1289 brachium
676 1258 833 1291 meum

122 1299 443 1348 sustinebunt.

199 1357 269 1415 [17.
304 1360 415 1406 vidi
457 1360 721 1409 Ddrninum
763 1377 834 1410 se·

122 1416 320 1465 dentem
336 1433 478 1479 super
492 1422 664 1469 sdlium
680 1423 834 1469 excal-

121 1492 248 1530 sum.
272 1487 318 1525 et
339 1480 602 1528 elevatum:
623 1491 671 1528 et
692 1483 836 1541 plena

124 1545 229 1584 erat
251 1540 407 1585 omnis
435 1548 560 1586 terra
586 1543 837 1600 majestate

122 1599 254 1656 eJus:
279 1597 302 1616 *‘
319 1599 380 1644 Et
396 1612 467 1652 ea,
480 1614 604 1658 quae
620 1602 709 1646 sub
729 1601 837 1659 ipso

123 1665 278 1711 erant.
305 1671 355 1704 re
390 1657 552 1705 ldbant
584 1659 832 1719 templum.

131 1715 192 1771 ,V-
210 1718 360 1776 Serap
397 1718 462 1763 im
480 1719 671 1765 stabant
696 1733 838 1778 super

124 1776 246 1822 illud
270 1791 280 1822 ι
314 1791 396 1822 sex
424 1777 529 1823 alae
556 1779 653 1832 uni,
680 1786 727 1826 et
755 1793 838 1825 sex

123 1837 234 1882 alae
255 1836 534 1883 alteri.—Et
555 1851 627 1884 ea.

387 1934 550 1978 LGC‘UO
569 1938 597 1978 ii

318 2012 496 2059 VATE
545 2013 593 2060 in
650 2013 837 2062 coelum

320 2073 485 2120 dculos
540 2082 734 2128 vestros.
789 2084 836 2123 et

124 2130 285 2179 viddte
312 2135 404 2179 sub
429 2141 551 2180 terra
575 2134 797 2182 dedrsum
824 2151 834 2181 :

125 2193 245 2251 quia
278 2194 396 2239 coeli
430 2194 550 2240 sicut
584 2194 742 2240 furnus
783 2195 833 2240 li·

126 2251 371 2310 queiscent,
428 2261 475 2299 et
531 2262 654 2300 terra
711 2254 833 2301 sicut

126 2311 462 2357 vestimentum
503 2313 741 2365 atteratur,
786 2321 831 2360 et

127 2370 419 2417 habitatdres
440 2373 542 2430 eJus
576 2374 694 2419 sicut
716 2374 832 2419 haec

127 2430 406 2476 interibunt:
418 2432 545 2477 salus
553 2442 712 2478 autern
726 2446 834 2479 mea

126 2490 177 2535 in
201 2490 540 2547 sempiternum
568 2493 667 2543 erit,
695 2500 741 2538 et
765 2493 833 2538 'u-

126 2549 259 2595 stitia
272 2562 378 2595 mea
391 2562 489 2595 non
501 2551 703 2597 desiciet.
781 2565 833 2597 u·

127 2610 230 2654 dite
258 2623 348 2663 me.
376 2611 458 2668 qui
480 2611 606 2656 scitis
630 2612 832 2669 justum:

126 2668 336 2728 pdpulus
365 2682 514 2722 meus,
541 2671 615 2715 lex
645 2683 753 2715 mea
784 2671 831 2715 in

127 2730 272 2775 corde
292 2728 456 2775 ebrum
474 2729 648 2775 :nolite
670 2729 834 2775 timere

126 2803 157 2834 o
194 2788 437 2847 prdbrium
479 2788 739 2839 hdminum.
787 2797 833 2834 et

125 2849 158 2894 b
176 2847 450 2906 asphemias
469 2848 634 2894 ebrum
656 2860 716 2893 ne
735 2859 833 2893 me-

127 2908 284 2955 tuatis.
340 2907 485 2959 ,Sicut
526 2907 653 2952 enirn
697 2908 835 2953 vesti-

1420 284 1608 341 cc1xix.

905 412 1132 467 mantum.
1160 415 1227 461 sic
1267 414 1487 463 odmedet
1526 430 1611 462 eos

905 475 1100 520 vermis:
1121 481 1170 519 et
1196 475 1320 521 sicut
1343 476 1517 529 lanam,
1544 478 1612 522 sie

904 533 1150 580 devorabit
1180 548 1265 580 eos
1296 535 1455 581 tInea:
1485 537 1612 581 salus

904 600 1063 637 autem
1080 606 1189 639 mea
1204 595 1252 639 in
1268 594 1611 652 sempitkrnum

903 652 1003 704 erit,
1030 661 1077 697 et
1101 653 1287 711 J'ustitia
1318 668 1428 699 mea
1454 655 1502 699 in
1530 669 1613 713 ge-

905 712 1170 758 neratidnes
1190 713 1568 771 generatidnum.

973 771 1047 828 RV.
1082 772 1151 816 As
1187 773 1257 818 ice
1299 773 1507 819 deine
1549 774 1611 818 de

903 830 1018 873 sede
1049 842 1134 874 san
1247 839 1341 884 tua,
1372 841 1419 878 et
1450 833 1612 891 edgita

903 889 964 933 de
1014 890 1154 934 nobis
1188 904 1199 935 ε
1250 891 1424 937 inclina
1476 893 1611 938 Deus

904 960 1038 992 meus
1054 962 1215 994 aurem
1233 958 1365 995 tuam
1382 958 1427 996 et
1444 953 1571 997 audi.
1586 953 1612 978 ’ὓ

901 1007 1048 1064 Aperi
1078 1008 1244 1054 &culos
1275 1017 1397 1062 tuos,
1425 1018 1472 1056 et
1502 1011 1610 1056 vide

903 1066 1256 1113 tribulatidnem
1274 1078 1500 1115 nostram.
1529 1069 1607 1174 ἔ.

901 1125 998 1181 Qui
1038 1126 1162 1184 regis
1206 1128 1363 1181 Israe'l,
1395 1129 1527 1174 intan
1563 1143 1602 1182 e,

901 1185 983 1243 qui
1036 1185 1232 1233 dedncis
1286 1187 1414 1234 velut
1469 1202 1607 1235 ovem

894 1245 1318 1309 Joseph.—Aperi.

1148 1351 1311 1396 Lectio
1336 1350 1393 1395 iii.

1095 1422 1386 1477 NSURGE,
1412 1423 1608 1470 constit-

1074 1495 1148 1539 ge,
1187 1481 1385 1528 indiiere
1419 1484 1607 1529 fortini-

901 1539 1063 1585 dinem
1084 1540 1335 1586 brachium
1367 1542 1564 1587 deini
1596 1558 1606 1588 :

902 1598 1139 1657 oonst'irge
1180 1601 1301 1645 sicut
1342 1600 1394 1645 in
1434 1600 1605 1646 diebus

903 1657 1128 1716 antiquis,
1151 1659 1200 1704 in
1219 1660 1604 1717 generatidnibus

903 1717 1216 1764 saeculdrum.
1243 1718 1603 1776 Numquidnon

904 1784 956 1821 tu
1010 1777 1283 1835 percussisti
1331 1777 1602 1836 supdrbum

902 1836 1159 1882 vulnerasti
1167 1837 1445 1883 dracdnem?
1453 1838 1607 1883 Num-

902 1895 1019 1954 quid
1042 1909 1138 1941 non
1159 1904 1212 1942 tu
1242 1896 1428 1942 siccaSti
1457 1911 1602 1951 mare,

902 1968 1079 2013 aquam
1101 1956 1259 2014 abyssi
1284 1956 1572 2003 vehementis
1594 1973 1606 2004 ε

902 2015 983 2073 qui
1051 2016 1253 2074 posuisti
1314 2016 1604 2075 proft'mdum

901 2075 1045 2121 maris
1083 2076 1221 2129 viam,
1258 2084 1312 2122 ut
1353 2077 1604 2124 transirent

900 2135 1120 2181 liberati?
1141 2135 1202 2182 Et
1244 2150 1370 2182 nunc
1412 2136 1493 2194 qui
1535 2151 1606 2183 re·

899 2193 1079 2252 dempti
1102 2205 1212 2242 sunt
1233 2210 1264 2241 a
1284 2195 1508 2248 deino,
1535 2210 1607 2241 re·

896 2255 1146 2306 vertentur,
1203 2263 1250 2301 et
1309 2255 1497 2300 venient
1556 2256 1605 2300 in

898 2313 1014 2358 Sion
1045 2314 1311 2366 laudautes,
1347 2321 1393 2358 et
1425 2312 1607 2359 laetitia

898 2372 1189 2430 sempiterna
1250 2386 1393 2430 super
1445 2372 1606 2429 capita

897 2432 1078 2485 ebrum,
1104 2432 1349 2489 gdudium,
1393 2438 1439 2476 et
1470 2431 1604 2476 laeti-

898 2492 1015 2537 tiam
1033 2491 1276 2541 tenebunn
1291 2489 1440 2548 sngiet
1448 2490 1598 2542 dolor,

898 2558 945 2596 et
965 2550 1187 2609 gamitus.
1255 2549 1375 2607 Ego,
1397 2550 1605 2607 egoipse

898 2609 1186 2655 consolabor
1214 2621 1314 2654 vos.
1380 2608 1500 2663 Quis
1531 2617 1596 2662 tu,

898 2677 950 2715 ut
972 2668 1163 2715 timeres
1183 2668 1245 2713 ab
1266 2667 1460 2714 hdrnine
1478 2680 1604 2713 mor-

897 2729 993 2780 tali,
1021 2736 1069 2773 et
1089 2741 1120 2772 a
1142 2727 1241 2772 fssio
1262 2727 1482 2797 hfiminis,
1520 2728 1600 2786 qui

897 2787 1606 2916 ffissiftffl'smnffssgiffiffi?

896 2907 959 2952 ris
980 2906 1062 2959 tui,
1090 2906 1174 2965 qui
1194 2905 1393 2953 tetendit
1421 2908 1592 2960 coelos,
